<?xml version="1.0" encoding="UTF-8"?>
<!DOCTYPE html PUBLIC "-//W3C//DTD XHTML 1.0 Transitional//EN"
    "http://www.w3.org/TR/xhtml1/DTD/xhtml1-transitional.dtd">
<html xmlns="http://www.w3.org/1999/xhtml" xml:lang="en" lang="en">
 <head>
  <title>
</title>
<meta http-equiv="Content-Type" content="text/html;charset=utf-8" />
  <meta name='ocr-system' content='tesseract 3.04.00' />
  <meta name='ocr-capabilities' content='ocr_page ocr_carea ocr_par ocr_line ocrx_word'/>
</head>
<body>
  <div class='ocr_page' id='page_1' title='image "./studienzurgriec00vanigoog_0435.png"; bbox 0 0 3056 4968; ppageno 0'>
   <div class='ocr_carea' id='block_1_1' title="bbox 599 431 656 498">
    <p class='ocr_par' dir='ltr' id='par_1_1' title="bbox 599 431 656 498">
     <span class='ocr_line' id='line_1_1' title="bbox 599 431 656 498; baseline 0 0"><span class='ocrx_word' id='word_1_1' title='bbox 599 431 656 498; x_wconf 76' lang='lat' dir='ltr'><strong>tlt</strong></span> 
     </span>
    </p>
   </div>
   <div class='ocr_carea' id='block_1_2' title="bbox 71 605 1217 1991">
    <p class='ocr_par' dir='ltr' id='par_1_2' title="bbox 71 605 1217 1991">
     <span class='ocr_line' id='line_1_2' title="bbox 82 605 1217 701; baseline -0.004 -19"><span class='ocrx_word' id='word_1_2' title='bbox 82 617 232 682; x_wconf 78' lang='lat' dir='ltr'>dissensio</span> <span class='ocrx_word' id='word_1_3' title='bbox 262 622 318 680; x_wconf 85' lang='lat' dir='ltr'><strong>cst.</strong></span> <span class='ocrx_word' id='word_1_4' title='bbox 369 614 436 682; x_wconf 79' lang='lat' dir='ltr'><strong>nni</strong></span> <span class='ocrx_word' id='word_1_5' title='bbox 465 605 550 680; x_wconf 80' lang='lat' dir='ltr'><strong>elsim</strong></span> <span class='ocrx_word' id='word_1_6' title='bbox 581 613 615 680; x_wconf 93' lang='lat' dir='ltr'><strong>in</strong></span> <span class='ocrx_word' id='word_1_7' title='bbox 650 615 750 682; x_wconf 85' lang='lat' dir='ltr'><strong>verbo</strong></span> <span class='ocrx_word' id='word_1_8' title='bbox 778 635 834 696; x_wconf 72' lang='lat' dir='ltr'><strong>apo</strong></span> <span class='ocrx_word' id='word_1_9' title='bbox 855 611 998 701; x_wconf 80' lang='lat' dir='ltr'><strong>stirpam</strong></span> <span class='ocrx_word' id='word_1_10' title='bbox 1023 611 1217 679; x_wconf 63' lang='lat' dir='ltr'><strong>mutinam·</strong></span> 
     </span>
     <span class='ocr_line' id='line_1_3' title="bbox 81 713 1188 802; baseline 0.002 -22"><span class='ocrx_word' id='word_1_11' title='bbox 81 725 219 800; x_wconf 84' lang='lat' dir='ltr'><strong>censent,</strong></span> <span class='ocrx_word' id='word_1_12' title='bbox 250 716 438 796; x_wconf 61' lang='lat' dir='ltr'><strong>*offlectam</strong></span> <span class='ocrx_word' id='word_1_13' title='bbox 457 713 583 780; x_wconf 83' lang='lat' dir='ltr'><strong>scilicet</strong></span> <span class='ocrx_word' id='word_1_14' title='bbox 610 735 681 780; x_wconf 85' lang='lat' dir='ltr'><strong>esse</strong></span> <span class='ocrx_word' id='word_1_15' title='bbox 710 717 919 802; x_wconf 74' lang='lat' dir='ltr'><strong>originariam</strong></span> <span class='ocrx_word' id='word_1_16' title='bbox 944 713 1085 779; x_wconf 78' lang='lat' dir='ltr'><strong>tonnam</strong></span> <span class='ocrx_word' id='word_1_17' title='bbox 1108 715 1188 782; x_wconf 74' lang='lat' dir='ltr'><strong>ssu·</strong></span> 
     </span>
     <span class='ocr_line' id='line_1_4' title="bbox 78 812 1181 902; baseline -0.005 -23"><span class='ocrx_word' id='word_1_18' title='bbox 78 816 118 879; x_wconf 89' lang='lat' dir='ltr'><strong>At</strong></span> <span class='ocrx_word' id='word_1_19' title='bbox 144 815 222 880; x_wconf 86' lang='lat' dir='ltr'><strong>haec</strong></span> <span class='ocrx_word' id='word_1_20' title='bbox 251 816 410 880; x_wconf 89' lang='lat' dir='ltr'><strong>sententia</strong></span> <span class='ocrx_word' id='word_1_21' title='bbox 438 833 504 884; x_wconf 88' lang='lat' dir='ltr'><strong>non</strong></span> <span class='ocrx_word' id='word_1_22' title='bbox 532 823 580 880; x_wconf 88' lang='lat' dir='ltr'><strong>ast</strong></span> <span class='ocrx_word' id='word_1_23' title='bbox 605 813 793 902; x_wconf 81' lang='lat' dir='ltr'><strong>probanda3</strong></span> <span class='ocrx_word' id='word_1_24' title='bbox 826 812 974 898; x_wconf 83' lang='lat' dir='ltr'><strong>quamvis</strong></span> <span class='ocrx_word' id='word_1_25' title='bbox 999 813 1086 876; x_wconf 82' lang='lat' dir='ltr'><strong>enirn</strong></span> <span class='ocrx_word' id='word_1_26' title='bbox 1113 835 1181 874; x_wconf 82' lang='lat' dir='ltr'><strong>coa·</strong></span> 
     </span>
     <span class='ocr_line' id='line_1_5' title="bbox 80 909 1188 994; baseline 0.001 -18"><span class='ocrx_word' id='word_1_27' title='bbox 80 927 168 977; x_wconf 80' lang='lat' dir='ltr'><strong>tamen</strong></span> <span class='ocrx_word' id='word_1_28' title='bbox 188 913 300 979; x_wconf 89' lang='lat' dir='ltr'><strong>eodem</strong></span> <span class='ocrx_word' id='word_1_29' title='bbox 321 915 418 979; x_wconf 91' lang='lat' dir='ltr'><strong>modo</strong></span> <span class='ocrx_word' id='word_1_30' title='bbox 435 915 560 980; x_wconf 76' lang='lat' dir='ltr'><strong>tactum</strong></span> <span class='ocrx_word' id='word_1_31' title='bbox 583 917 625 979; x_wconf 87' lang='lat' dir='ltr'><strong>sit</strong></span> <span class='ocrx_word' id='word_1_32' title='bbox 645 935 686 979; x_wconf 87' lang='lat' dir='ltr'><strong>ex</strong></span> <span class='ocrx_word' id='word_1_33' title='bbox 708 913 913 994; x_wconf 63' lang='lat' dir='ltr'><strong>*coniugata</strong></span> <span class='ocrx_word' id='word_1_34' title='bbox 929 909 1116 989; x_wconf 64' lang='lat' dir='ltr'><strong>fnmmtun</strong></span> <span class='ocrx_word' id='word_1_35' title='bbox 1138 925 1188 977; x_wconf 55' lang='grc' dir='ltr'><strong>οι)</strong></span> 
     </span>
     <span class='ocr_line' id='line_1_6' title="bbox 77 1007 1183 1100; baseline 0.002 -25"><span class='ocrx_word' id='word_1_36' title='bbox 77 1014 301 1095; x_wconf 68' lang='lat' dir='ltr'><strong>*fragmentum</strong></span> <span class='ocrx_word' id='word_1_37' title='bbox 322 1023 431 1078; x_wconf 88' lang='lat' dir='ltr'><strong>tamen</strong></span> <span class='ocrx_word' id='word_1_38' title='bbox 452 1015 541 1080; x_wconf 88' lang='lat' dir='ltr'><strong>notio</strong></span> <span class='ocrx_word' id='word_1_39' title='bbox 562 1012 659 1100; x_wconf 84' lang='lat' dir='ltr'><strong>plane</strong></span> <span class='ocrx_word' id='word_1_40' title='bbox 681 1013 834 1079; x_wconf 84' lang='lat' dir='ltr'><strong>abhorret</strong></span> <span class='ocrx_word' id='word_1_41' title='bbox 859 1007 972 1076; x_wconf 78' lang='lat' dir='ltr'><strong>a&#39;rasi.</strong></span> <span class='ocrx_word' id='word_1_42' title='bbox 995 1031 1042 1090; x_wconf 75' lang='lat' dir='ltr'><strong>ap.</strong></span> <span class='ocrx_word' id='word_1_43' title='bbox 1084 1010 1183 1076; x_wconf 80' lang='lat' dir='ltr'><strong>Hanc</strong></span> 
     </span>
     <span class='ocr_line' id='line_1_7' title="bbox 77 1109 1179 1199; baseline 0.002 -25"><span class='ocrx_word' id='word_1_44' title='bbox 77 1115 154 1176; x_wconf 86' lang='lat' dir='ltr'><strong>enim</strong></span> <span class='ocrx_word' id='word_1_45' title='bbox 176 1114 266 1178; x_wconf 88' lang='lat' dir='ltr'><strong>vocis</strong></span> <span class='ocrx_word' id='word_1_46' title='bbox 287 1111 554 1197; x_wconf 87' lang='lat' dir='ltr'><strong>significationem</strong></span> <span class='ocrx_word' id='word_1_47' title='bbox 576 1131 648 1178; x_wconf 88' lang='lat' dir='ltr'><strong>asse</strong></span> <span class='ocrx_word' id='word_1_48' title='bbox 665 1112 753 1178; x_wconf 79' lang='lat' dir='ltr'><strong>Fert.</strong></span> <span class='ocrx_word' id='word_1_49' title='bbox 776 1109 992 1199; x_wconf 74' lang='lat' dir='ltr'><strong>prndooet:</strong></span> <span class='ocrx_word' id='word_1_50' title='bbox 1014 1119 1179 1194; x_wconf 80' lang='lat' dir='ltr'><strong>amenta,</strong></span> 
     </span>
     <span class='ocr_line' id='line_1_8' title="bbox 76 1209 1178 1298; baseline -0.001 -23"><span class='ocrx_word' id='word_1_51' title='bbox 76 1210 185 1298; x_wconf 87' lang='lat' dir='ltr'><strong>quibus</strong></span> <span class='ocrx_word' id='word_1_52' title='bbox 192 1261 201 1294; x_wconf 92' lang='lat'><em>,</em></span> <span class='ocrx_word' id='word_1_53' title='bbox 229 1221 265 1276; x_wconf 92' lang='lat' dir='ltr'><strong>ut</strong></span> <span class='ocrx_word' id='word_1_54' title='bbox 293 1211 378 1276; x_wconf 89' lang='lat' dir='ltr'><strong>mitti</strong></span> <span class='ocrx_word' id='word_1_55' title='bbox 399 1213 540 1298; x_wconf 85' lang='lat' dir='ltr'><strong>possint,</strong></span> <span class='ocrx_word' id='word_1_56' title='bbox 568 1211 752 1275; x_wconf 90' lang='lat' dir='ltr'><strong>vinciuntur</strong></span> <span class='ocrx_word' id='word_1_57' title='bbox 776 1210 898 1291; x_wconf 84' lang='lat' dir='ltr'><strong>iacula,</strong></span> <span class='ocrx_word' id='word_1_58' title='bbox 928 1211 996 1274; x_wconf 86' lang='lat' dir='ltr'><strong>sive</strong></span> <span class='ocrx_word' id='word_1_59' title='bbox 1020 1209 1178 1274; x_wconf 81' lang='lat' dir='ltr'>solearum</span> 
     </span>
     <span class='ocr_line' id='line_1_9' title="bbox 74 1307 1178 1398; baseline 0 -24"><span class='ocrx_word' id='word_1_60' title='bbox 74 1309 146 1376; x_wconf 86' lang='lat' dir='ltr'><strong>lora.</strong></span> <span class='ocrx_word' id='word_1_61' title='bbox 189 1310 296 1398; x_wconf 83' lang='lat' dir='ltr'><strong>Atque</strong></span> <span class='ocrx_word' id='word_1_62' title='bbox 324 1311 357 1373; x_wconf 91' lang='lat' dir='ltr'><strong>in</strong></span> <span class='ocrx_word' id='word_1_63' title='bbox 385 1313 528 1396; x_wconf 87' lang='lat' dir='ltr'><strong>priorem</strong></span> <span class='ocrx_word' id='word_1_64' title='bbox 552 1307 682 1398; x_wconf 87' lang='lat' dir='ltr'><strong>quidem</strong></span> <span class='ocrx_word' id='word_1_65' title='bbox 708 1311 870 1376; x_wconf 89' lang='lat' dir='ltr'><strong>notionem</strong></span> <span class='ocrx_word' id='word_1_66' title='bbox 897 1309 958 1372; x_wconf 91' lang='lat' dir='ltr'><strong>etsi</strong></span> <span class='ocrx_word' id='word_1_67' title='bbox 989 1308 1068 1372; x_wconf 89' lang='lat' dir='ltr'><strong>satis</strong></span> <span class='ocrx_word' id='word_1_68' title='bbox 1096 1308 1178 1374; x_wconf 88' lang='lat' dir='ltr'><strong>bene</strong></span> 
     </span>
     <span class='ocr_line' id='line_1_10' title="bbox 75 1407 1180 1496; baseline 0.003 -25"><span class='ocrx_word' id='word_1_69' title='bbox 75 1408 209 1492; x_wconf 82' lang='lat' dir='ltr'><strong>quadrat</strong></span> <span class='ocrx_word' id='word_1_70' title='bbox 230 1407 299 1474; x_wconf 86' lang='lat' dir='ltr'><strong>rad.</strong></span> <span class='ocrx_word' id='word_1_71' title='bbox 318 1431 365 1490; x_wconf 74' lang='lat' dir='ltr'><strong>up,</strong></span> <span class='ocrx_word' id='word_1_72' title='bbox 389 1428 502 1494; x_wconf 89' lang='lat' dir='ltr'><strong>parum</strong></span> <span class='ocrx_word' id='word_1_73' title='bbox 525 1418 633 1473; x_wconf 85' lang='lat' dir='ltr'><strong>tamen</strong></span> <span class='ocrx_word' id='word_1_74' title='bbox 655 1409 837 1496; x_wconf 69' lang='lat' dir='ltr'><strong>explicatur</strong></span> <span class='ocrx_word' id='word_1_75' title='bbox 859 1427 923 1494; x_wconf 87' lang='lat' dir='ltr'><strong>quo</strong></span> <span class='ocrx_word' id='word_1_76' title='bbox 945 1416 1043 1494; x_wconf 89' lang='lat' dir='ltr'><strong>pacto</strong></span> <span class='ocrx_word' id='word_1_77' title='bbox 1065 1429 1107 1472; x_wconf 86' lang='lat' dir='ltr'><strong>ex</strong></span> <span class='ocrx_word' id='word_1_78' title='bbox 1128 1431 1180 1474; x_wconf 89' lang='lat' dir='ltr'><strong>ca·</strong></span> 
     </span>
     <span class='ocr_line' id='line_1_11' title="bbox 74 1504 1181 1596; baseline 0.004 -26"><span class='ocrx_word' id='word_1_79' title='bbox 74 1505 140 1571; x_wconf 87' lang='lat' dir='ltr'><strong>dem</strong></span> <span class='ocrx_word' id='word_1_80' title='bbox 169 1505 282 1571; x_wconf 85' lang='lat' dir='ltr'><strong>radice</strong></span> <span class='ocrx_word' id='word_1_81' title='bbox 311 1509 402 1572; x_wconf 84' lang='lat' dir='ltr'><strong>nasci</strong></span> <span class='ocrx_word' id='word_1_82' title='bbox 429 1511 573 1596; x_wconf 90' lang='lat' dir='ltr'><strong>potuerit</strong></span> <span class='ocrx_word' id='word_1_83' title='bbox 601 1508 741 1572; x_wconf 90' lang='lat' dir='ltr'><strong>lororum</strong></span> <span class='ocrx_word' id='word_1_84' title='bbox 771 1505 973 1592; x_wconf 83' lang='lat' dir='ltr'><strong>significatio.</strong></span> <span class='ocrx_word' id='word_1_85' title='bbox 1017 1504 1100 1572; x_wconf 75' lang='lat' dir='ltr'><strong>(ium</strong></span> <span class='ocrx_word' id='word_1_86' title='bbox 1126 1529 1181 1574; x_wconf 83' lang='lat' dir='ltr'><strong>res</strong></span> 
     </span>
     <span class='ocr_line' id='line_1_12' title="bbox 72 1603 1179 1692; baseline 0.003 -23"><span class='ocrx_word' id='word_1_87' title='bbox 72 1607 114 1670; x_wconf 86' lang='lat' dir='ltr'><strong>ita</strong></span> <span class='ocrx_word' id='word_1_88' title='bbox 135 1629 169 1672; x_wconf 89' lang='lat' dir='ltr'><strong>se</strong></span> <span class='ocrx_word' id='word_1_89' title='bbox 193 1606 330 1688; x_wconf 85' lang='lat' dir='ltr'><strong>habeat,</strong></span> <span class='ocrx_word' id='word_1_90' title='bbox 359 1627 495 1692; x_wconf 89' lang='lat' dir='ltr'><strong>cumque</strong></span> <span class='ocrx_word' id='word_1_91' title='bbox 522 1609 556 1670; x_wconf 92' lang='lat' dir='ltr'><strong>in</strong></span> <span class='ocrx_word' id='word_1_92' title='bbox 577 1605 723 1670; x_wconf 88' lang='lat' dir='ltr'><strong>Medieeo</strong></span> <span class='ocrx_word' id='word_1_93' title='bbox 743 1604 870 1690; x_wconf 85' lang='lat' dir='ltr'><strong>Vergili</strong></span> <span class='ocrx_word' id='word_1_94' title='bbox 901 1604 1014 1670; x_wconf 85' lang='lat' dir='ltr'><strong>codice</strong></span> <span class='ocrx_word' id='word_1_95' title='bbox 1033 1603 1114 1672; x_wconf 78' lang='lat' dir='ltr'><strong>Aen.</strong></span> <span class='ocrx_word' id='word_1_96' title='bbox 1136 1605 1179 1690; x_wconf 84' lang='grc' dir='ltr'><strong>Π,</strong></span> 
     </span>
     <span class='ocr_line' id='line_1_13' title="bbox 72 1701 1180 1790; baseline 0 -19"><span class='ocrx_word' id='word_1_97' title='bbox 72 1707 162 1782; x_wconf 80' lang='lat'>665³)</span> <span class='ocrx_word' id='word_1_98' title='bbox 184 1705 271 1770; x_wconf 88' lang='lat' dir='ltr'><strong>etin</strong></span> <span class='ocrx_word' id='word_1_99' title='bbox 293 1705 461 1790; x_wconf 86' lang='lat' dir='ltr'><strong>glossariis</strong></span> <span class='ocrx_word' id='word_1_100' title='bbox 483 1701 630 1770; x_wconf 85' lang='lat' dir='ltr'><strong>Labbaei</strong></span> <span class='ocrx_word' id='word_1_101' title='bbox 651 1711 698 1782; x_wconf 90' lang='lat' dir='ltr'><strong>(ut</strong></span> <span class='ocrx_word' id='word_1_102' title='bbox 716 1703 890 1769; x_wconf 77' lang='lat' dir='ltr'><strong>Muellerus</strong></span> <span class='ocrx_word' id='word_1_103' title='bbox 912 1703 955 1768; x_wconf 89' lang='lat' dir='ltr'><strong>ad</strong></span> <span class='ocrx_word' id='word_1_104' title='bbox 975 1703 1066 1770; x_wconf 90' lang='lat' dir='ltr'><strong>illum</strong></span> <span class='ocrx_word' id='word_1_105' title='bbox 1089 1706 1180 1771; x_wconf 85' lang='lat' dir='ltr'><strong>Festi</strong></span> 
     </span>
     <span class='ocr_line' id='line_1_14' title="bbox 71 1803 1185 1891; baseline -0.003 -24"><span class='ocrx_word' id='word_1_106' title='bbox 71 1803 169 1868; x_wconf 87' lang='lat' dir='ltr'><strong>locum</strong></span> <span class='ocrx_word' id='word_1_107' title='bbox 200 1803 346 1882; x_wconf 85' lang='lat' dir='ltr'><strong>adnotat)</strong></span> <span class='ocrx_word' id='word_1_108' title='bbox 375 1805 532 1891; x_wconf 86' lang='lat' dir='ltr'><strong>seriptum</strong></span> <span class='ocrx_word' id='word_1_109' title='bbox 565 1805 607 1868; x_wconf 90' lang='lat' dir='ltr'><strong>sit</strong></span> <span class='ocrx_word' id='word_1_110' title='bbox 633 1815 795 1881; x_wconf 76' lang='lat' dir='ltr'><strong>ammento,</strong></span> <span class='ocrx_word' id='word_1_111' title='bbox 830 1815 1002 1865; x_wconf 75' lang='lat' dir='ltr'><strong>samsonem</strong></span> <span class='ocrx_word' id='word_1_112' title='bbox 1030 1825 1102 1870; x_wconf 88' lang='lat' dir='ltr'><strong>curn</strong></span> <span class='ocrx_word' id='word_1_113' title='bbox 1120 1815 1185 1890; x_wconf 66' lang='lat' dir='ltr'><strong>⁴gae</strong></span> 
     </span>
     <span class='ocr_line' id='line_1_15' title="bbox 71 1900 1186 1991; baseline -0.005 -25"><span class='ocrx_word' id='word_1_114' title='bbox 71 1904 243 1968; x_wconf 76' lang='lat' dir='ltr'><strong>minatione</strong></span> <span class='ocrx_word' id='word_1_115' title='bbox 263 1901 391 1968; x_wconf 87' lang='lat' dir='ltr'><strong>litterae</strong></span> <span class='ocrx_word' id='word_1_116' title='bbox 411 1929 455 1982; x_wconf 87' lang='lat' dir='ltr'><strong>m,</strong></span> <span class='ocrx_word' id='word_1_117' title='bbox 478 1925 561 1991; x_wconf 86' lang='lat' dir='ltr'><strong>quae</strong></span> <span class='ocrx_word' id='word_1_118' title='bbox 582 1923 623 1968; x_wconf 83' lang='lat' dir='ltr'><strong>ex</strong></span> <span class='ocrx_word' id='word_1_119' title='bbox 643 1925 691 1983; x_wconf 77' lang='lat' dir='ltr'><strong>qm</strong></span> <span class='ocrx_word' id='word_1_120' title='bbox 712 1902 880 1966; x_wconf 85' lang='lat' dir='ltr'><strong>rarissime</strong></span> <span class='ocrx_word' id='word_1_121' title='bbox 900 1900 1058 1980; x_wconf 54' lang='lat' dir='ltr'><strong>crediti,</strong></span> <span class='ocrx_word' id='word_1_122' title='bbox 1080 1901 1186 1968; x_wconf 72' lang='lat' dir='ltr'><strong>aliuni</strong></span> 
     </span>
    </p>
   </div>
   <div class='ocr_carea' id='block_1_3' title="bbox 70 2003 1177 2183">
    <p class='ocr_par' dir='ltr' id='par_1_3' title="bbox 70 2003 1177 2183">
     <span class='ocr_line' id='line_1_16' title="bbox 70 2003 542 2093; baseline -0.002 -27"><span class='ocrx_word' id='word_1_123' title='bbox 70 2003 318 2090; x_wconf 83' lang='lat' dir='ltr'><strong>explicationem</strong></span> <span class='ocrx_word' id='word_1_124' title='bbox 340 2025 542 2093; x_wconf 82' lang='lat' dir='ltr'><strong>quaeramus.</strong></span> 
     </span>
     <span class='ocr_line' id='line_1_17' title="bbox 125 2092 1177 2183; baseline -0.004 -15"><span class='ocrx_word' id='word_1_125' title='bbox 125 2101 221 2183; x_wconf 81' lang='lat' dir='ltr'><strong>Quod</strong></span> <span class='ocrx_word' id='word_1_126' title='bbox 231 2101 348 2166; x_wconf 85' lang='lat' dir='ltr'><strong>Festus</strong></span> <span class='ocrx_word' id='word_1_127' title='bbox 371 2100 392 2165; x_wconf 96' lang='lat' dir='ltr'><strong>l.</strong></span> <span class='ocrx_word' id='word_1_128' title='bbox 413 2100 433 2166; x_wconf 93' lang='lat' dir='ltr'><strong>l.</strong></span> <span class='ocrx_word' id='word_1_129' title='bbox 456 2100 548 2178; x_wconf 88' lang='lat' dir='ltr'><strong>dicit,</strong></span> <span class='ocrx_word' id='word_1_130' title='bbox 581 2111 726 2162; x_wconf 70' lang='lat' dir='ltr'><strong>ommium</strong></span> <span class='ocrx_word' id='word_1_131' title='bbox 749 2122 769 2164; x_wconf 90' lang='lat' dir='ltr'><strong>a</strong></span> <span class='ocrx_word' id='word_1_132' title='bbox 792 2097 919 2163; x_wconf 81' lang='lat' dir='ltr'><strong>Graeco</strong></span> <span class='ocrx_word' id='word_1_133' title='bbox 948 2092 1044 2178; x_wconf 73' lang='lat' dir='ltr'><strong>lippo</strong></span> <span class='ocrx_word' id='word_1_134' title='bbox 1072 2107 1177 2164; x_wconf 84' lang='lat' dir='ltr'><strong>ortum</strong></span> 
     </span>
    </p>
   </div>
   <div class='ocr_carea' id='block_1_4' title="bbox 28 2195 1186 2979">
    <p class='ocr_par' dir='ltr' id='par_1_4' title="bbox 28 2195 1186 2683">
     <span class='ocr_line' id='line_1_18' title="bbox 69 2195 1177 2286; baseline 0 -22"><span class='ocrx_word' id='word_1_135' title='bbox 69 2223 133 2265; x_wconf 86' lang='lat' dir='ltr'><strong>esse</strong></span> <span class='ocrx_word' id='word_1_136' title='bbox 154 2209 244 2266; x_wconf 87' lang='lat' dir='ltr'><strong>recte</strong></span> <span class='ocrx_word' id='word_1_137' title='bbox 270 2197 431 2264; x_wconf 85' lang='lat' dir='ltr'><strong>intellexit</strong></span> <span class='ocrx_word' id='word_1_138' title='bbox 455 2198 517 2264; x_wconf 89' lang='lat' dir='ltr'><strong>hoc</strong></span> <span class='ocrx_word' id='word_1_139' title='bbox 544 2199 585 2266; x_wconf 84' lang='lat' dir='ltr'><strong>de</strong></span> <span class='ocrx_word' id='word_1_140' title='bbox 614 2221 677 2286; x_wconf 88' lang='lat' dir='ltr'><strong>quo</strong></span> <span class='ocrx_word' id='word_1_141' title='bbox 703 2200 811 2284; x_wconf 84' lang='lat' dir='ltr'><strong>agitur</strong></span> <span class='ocrx_word' id='word_1_142' title='bbox 837 2195 1035 2264; x_wconf 77' lang='lat' dir='ltr'><strong>vocabulum</strong></span> <span class='ocrx_word' id='word_1_143' title='bbox 1061 2207 1177 2264; x_wconf 76' lang='lat' dir='ltr'><strong>natum</strong></span> 
     </span>
     <span class='ocr_line' id='line_1_19' title="bbox 28 2291 1177 2386; baseline -0.002 -24"><span class='ocrx_word' id='word_1_144' title='bbox 28 2325 33 2342; x_wconf 85' lang='lat'><strong>·</strong></span> <span class='ocrx_word' id='word_1_145' title='bbox 68 2321 132 2364; x_wconf 89' lang='lat' dir='ltr'><strong>esse</strong></span> <span class='ocrx_word' id='word_1_146' title='bbox 156 2298 265 2365; x_wconf 90' lang='lat' dir='ltr'><strong>erad.</strong></span> <span class='ocrx_word' id='word_1_147' title='bbox 286 2322 341 2380; x_wconf 82' lang='lat' dir='ltr'><strong>cp,</strong></span> <span class='ocrx_word' id='word_1_148' title='bbox 373 2319 457 2386; x_wconf 87' lang='lat' dir='ltr'><strong>quae</strong></span> <span class='ocrx_word' id='word_1_149' title='bbox 483 2299 569 2362; x_wconf 90' lang='lat' dir='ltr'><strong>inest</strong></span> <span class='ocrx_word' id='word_1_150' title='bbox 597 2299 631 2361; x_wconf 92' lang='lat' dir='ltr'><strong>in</strong></span> <span class='ocrx_word' id='word_1_151' title='bbox 653 2291 765 2380; x_wconf 77' lang='grc' dir='ltr'><em>ἅμμα,</em></span> <span class='ocrx_word' id='word_1_152' title='bbox 797 2303 918 2376; x_wconf 79' lang='lat' dir='ltr'><strong>dpiscor</strong></span> <span class='ocrx_word' id='word_1_153' title='bbox 949 2297 1027 2371; x_wconf 57' lang='grc' dir='ltr'><strong>(αἴῃ</strong></span> <span class='ocrx_word' id='word_1_154' title='bbox 1042 2297 1111 2362; x_wconf 80' lang='lat' dir='ltr'><strong>Ser.</strong></span> <span class='ocrx_word' id='word_1_155' title='bbox 1134 2304 1177 2379; x_wconf 71' lang='lat' dir='ltr'><strong>Ap</strong></span> 
     </span>
     <span class='ocr_line' id='line_1_20' title="bbox 68 2395 1186 2486; baseline 0.001 -25"><span class='ocrx_word' id='word_1_156' title='bbox 68 2398 221 2486; x_wconf 86' lang='lat' dir='ltr'><strong>adipisci,</strong></span> <span class='ocrx_word' id='word_1_157' title='bbox 252 2397 360 2479; x_wconf 88' lang='lat' dir='ltr'><strong>adire,</strong></span> <span class='ocrx_word' id='word_1_158' title='bbox 392 2395 581 2484; x_wconf 79' lang='lat' dir='ltr'><strong>suscipere).</strong></span> <span class='ocrx_word' id='word_1_159' title='bbox 624 2396 817 2483; x_wconf 83' lang='lat' dir='ltr'><strong>Originaria</strong></span> <span class='ocrx_word' id='word_1_160' title='bbox 841 2396 944 2480; x_wconf 88' lang='lat' dir='ltr'><strong>igitur</strong></span> <span class='ocrx_word' id='word_1_161' title='bbox 968 2395 1075 2461; x_wconf 81' lang='lat' dir='ltr'><strong>forma</strong></span> <span class='ocrx_word' id='word_1_162' title='bbox 1105 2408 1186 2462; x_wconf 75' lang='lat' dir='ltr'><strong>erat</strong></span> 
     </span>
     <span class='ocr_line' id='line_1_21' title="bbox 67 2493 1176 2584; baseline -0.002 -24"><span class='ocrx_word' id='word_1_163' title='bbox 67 2497 259 2578; x_wconf 69' lang='lat' dir='ltr'><strong>*opinantem</strong></span> <span class='ocrx_word' id='word_1_164' title='bbox 280 2505 491 2584; x_wconf 87' lang='lat' dir='ltr'><strong>posteaquam</strong></span> <span class='ocrx_word' id='word_1_165' title='bbox 507 2495 687 2561; x_wconf 87' lang='lat' dir='ltr'><strong>assimilato</strong></span> <span class='ocrx_word' id='word_1_166' title='bbox 701 2521 724 2576; x_wconf 85' lang='lat' dir='ltr'><strong>p</strong></span> <span class='ocrx_word' id='word_1_167' title='bbox 747 2493 956 2579; x_wconf 82' lang='lat' dir='ltr'><strong>subsequenti</strong></span> <span class='ocrx_word' id='word_1_168' title='bbox 969 2515 1132 2561; x_wconf 86' lang='lat' dir='ltr'><strong>consonae</strong></span> <span class='ocrx_word' id='word_1_169' title='bbox 1147 2518 1176 2558; x_wconf 86' lang='lat' dir='ltr'><strong>m</strong></span> 
     </span>
     <span class='ocr_line' id='line_1_22' title="bbox 68 2592 1174 2683; baseline 0.002 -25"><span class='ocrx_word' id='word_1_170' title='bbox 68 2596 244 2661; x_wconf 87' lang='lat' dir='ltr'><strong>factumest</strong></span> <span class='ocrx_word' id='word_1_171' title='bbox 258 2608 442 2675; x_wconf 76' lang='lat' dir='ltr'><strong>ammentum,</strong></span> <span class='ocrx_word' id='word_1_172' title='bbox 457 2605 623 2683; x_wconf 90' lang='lat' dir='ltr'><strong>postremo</strong></span> <span class='ocrx_word' id='word_1_173' title='bbox 638 2595 780 2660; x_wconf 82' lang='lat' dir='ltr'><strong>alteram</strong></span> <span class='ocrx_word' id='word_1_174' title='bbox 795 2593 904 2666; x_wconf 82' lang='lat' dir='ltr'><strong>littera</strong></span> <span class='ocrx_word' id='word_1_175' title='bbox 924 2592 1008 2658; x_wconf 73' lang='lat' dir='ltr'><strong>elisa</strong></span> <span class='ocrx_word' id='word_1_176' title='bbox 1016 2601 1174 2662; x_wconf 71' lang='lat' dir='ltr'><strong>dmentem.</strong></span> 
     </span>
    </p>

    <p class='ocr_par' dir='ltr' id='par_1_5' title="bbox 67 2693 1175 2979">
     <span class='ocr_line' id='line_1_23' title="bbox 124 2693 1175 2779; baseline -0.003 -19"><span class='ocrx_word' id='word_1_177' title='bbox 124 2695 221 2776; x_wconf 79' lang='lat' dir='ltr'><strong>Quod</strong></span> <span class='ocrx_word' id='word_1_178' title='bbox 242 2695 284 2760; x_wconf 88' lang='lat' dir='ltr'><strong>ab</strong></span> <span class='ocrx_word' id='word_1_179' title='bbox 306 2693 379 2758; x_wconf 90' lang='lat' dir='ltr'><strong>aliis</strong></span> <span class='ocrx_word' id='word_1_180' title='bbox 400 2693 462 2760; x_wconf 86' lang='lat' dir='ltr'><strong>hoc</strong></span> <span class='ocrx_word' id='word_1_181' title='bbox 482 2697 516 2758; x_wconf 92' lang='lat' dir='ltr'><strong>in</strong></span> <span class='ocrx_word' id='word_1_182' title='bbox 537 2716 671 2762; x_wconf 86' lang='lat' dir='ltr'><strong>numero</strong></span> <span class='ocrx_word' id='word_1_183' title='bbox 687 2693 866 2759; x_wconf 83' lang='lat' dir='ltr'><strong>collocatur</strong></span> <span class='ocrx_word' id='word_1_184' title='bbox 883 2693 1066 2779; x_wconf 83' lang='lat' dir='ltr'><strong>exemplum</strong></span> <span class='ocrx_word' id='word_1_185' title='bbox 1082 2717 1175 2757; x_wconf 72' lang='lat' dir='ltr'><strong>men·</strong></span> 
     </span>
     <span class='ocr_line' id='line_1_24' title="bbox 68 2783 1174 2880; baseline 0.005 -27"><span class='ocrx_word' id='word_1_186' title='bbox 68 2805 139 2870; x_wconf 84' lang='lat' dir='ltr'><strong>tum,</strong></span> <span class='ocrx_word' id='word_1_187' title='bbox 160 2791 195 2856; x_wconf 90' lang='lat' dir='ltr'><strong>id</strong></span> <span class='ocrx_word' id='word_1_188' title='bbox 219 2814 293 2856; x_wconf 91' lang='lat' dir='ltr'><strong>cum</strong></span> <span class='ocrx_word' id='word_1_189' title='bbox 315 2783 402 2868; x_wconf 83' lang='grc' dir='ltr'>ὀπός</span> <span class='ocrx_word' id='word_1_190' title='bbox 423 2793 523 2880; x_wconf 90' lang='lat' dir='ltr'><strong>(quod</strong></span> <span class='ocrx_word' id='word_1_191' title='bbox 545 2794 658 2858; x_wconf 85' lang='lat' dir='ltr'><strong>statuit</strong></span> <span class='ocrx_word' id='word_1_192' title='bbox 681 2791 840 2878; x_wconf 83' lang='lat' dir='ltr'><strong>Georges)</strong></span> <span class='ocrx_word' id='word_1_193' title='bbox 862 2803 1038 2879; x_wconf 88' lang='lat' dir='ltr'><strong>propterea</strong></span> <span class='ocrx_word' id='word_1_194' title='bbox 1060 2793 1174 2859; x_wconf 79' lang='lat' dir='ltr'><strong>coliae·</strong></span> 
     </span>
     <span class='ocr_line' id='line_1_25' title="bbox 67 2883 1175 2979; baseline 0.005 -26"><span class='ocrx_word' id='word_1_195' title='bbox 67 2905 132 2956; x_wconf 86' lang='lat' dir='ltr'><strong>rere</strong></span> <span class='ocrx_word' id='word_1_196' title='bbox 155 2915 221 2957; x_wconf 91' lang='lat' dir='ltr'><strong>non</strong></span> <span class='ocrx_word' id='word_1_197' title='bbox 243 2901 358 2979; x_wconf 84' lang='lat' dir='ltr'><strong>potest,</strong></span> <span class='ocrx_word' id='word_1_198' title='bbox 381 2893 457 2976; x_wconf 92' lang='lat' dir='ltr'><strong>quia</strong></span> <span class='ocrx_word' id='word_1_199' title='bbox 477 2891 614 2957; x_wconf 92' lang='lat' dir='ltr'><strong>verbum</strong></span> <span class='ocrx_word' id='word_1_200' title='bbox 637 2883 723 2966; x_wconf 83' lang='grc' dir='ltr'>ὀπός</span> <span class='ocrx_word' id='word_1_201' title='bbox 738 2890 901 2956; x_wconf 82' lang='lat' dir='ltr'><strong>Graecum</strong></span> <span class='ocrx_word' id='word_1_202' title='bbox 919 2901 977 2973; x_wconf 85' lang='lat' dir='ltr'><strong>est,</strong></span> <span class='ocrx_word' id='word_1_203' title='bbox 999 2893 1090 2956; x_wconf 85' lang='lat' dir='ltr'><strong>cuius</strong></span> <span class='ocrx_word' id='word_1_204' title='bbox 1105 2891 1175 2958; x_wconf 90' lang='lat' dir='ltr'><strong>luco</strong></span> 
     </span>
    </p>
   </div>
   <div class='ocr_carea' id='block_1_5' title="bbox 67 2989 1174 3176">
    <p class='ocr_par' dir='ltr' id='par_1_6' title="bbox 67 2989 1174 3176">
     <span class='ocr_line' id='line_1_26' title="bbox 67 2989 1174 3083; baseline 0.004 -31"><span class='ocrx_word' id='word_1_205' title='bbox 67 3011 135 3056; x_wconf 90' lang='lat' dir='ltr'><strong>cum</strong></span> <span class='ocrx_word' id='word_1_206' title='bbox 150 2991 289 3057; x_wconf 84' lang='lat' dir='ltr'><strong>Romani</strong></span> <span class='ocrx_word' id='word_1_207' title='bbox 310 3013 399 3053; x_wconf 79' lang='lat' dir='ltr'><strong>sucus</strong></span> <span class='ocrx_word' id='word_1_208' title='bbox 421 2990 583 3068; x_wconf 85' lang='lat' dir='ltr'><strong>dicebant,</strong></span> <span class='ocrx_word' id='word_1_209' title='bbox 605 2989 806 3083; x_wconf 83' lang='lat' dir='ltr'><strong>retinuerunt</strong></span> <span class='ocrx_word' id='word_1_210' title='bbox 826 2989 945 3054; x_wconf 79' lang='lat' dir='ltr'><strong>radicis</strong></span> <span class='ocrx_word' id='word_1_211' title='bbox 967 2995 1021 3052; x_wconf 83' lang='lat' dir='ltr'><strong>sat</strong></span> <span class='ocrx_word' id='word_1_212' title='bbox 1034 2990 1174 3056; x_wconf 83' lang='lat' dir='ltr'><strong>litteram</strong></span> 
     </span>
     <span class='ocr_line' id='line_1_27' title="bbox 68 3089 1038 3176; baseline 0.002 -24"><span class='ocrx_word' id='word_1_213' title='bbox 68 3089 246 3155; x_wconf 86' lang='lat' dir='ltr'><strong>sibilantem</strong></span> <span class='ocrx_word' id='word_1_214' title='bbox 268 3101 302 3155; x_wconf 89' lang='lat' dir='ltr'><strong>et</strong></span> <span class='ocrx_word' id='word_1_215' title='bbox 322 3089 525 3176; x_wconf 88' lang='lat' dir='ltr'><strong>gutturalem.</strong></span> <span class='ocrx_word' id='word_1_216' title='bbox 973 3098 976 3108; x_wconf 87' lang='grc'><strong>“</strong></span> <span class='ocrx_word' id='word_1_217' title='bbox 1035 3093 1038 3100; x_wconf 82' lang='grc'><strong>“</strong></span> 
     </span>
    </p>
   </div>
   <div class='ocr_carea' id='block_1_6' title="bbox 579 3257 732 3336">
    <p class='ocr_par' dir='ltr' id='par_1_7' title="bbox 579 3257 732 3336">
     <span class='ocr_line' id='line_1_28' title="bbox 579 3257 732 3336; baseline -0.026 -12"><span class='ocrx_word' id='word_1_218' title='bbox 579 3257 658 3336; x_wconf 75' lang='lat' dir='ltr'><strong>§.u</strong></span> <span class='ocrx_word' id='word_1_219' title='bbox 728 3307 732 3320; x_wconf 85' lang='lat'><strong>.</strong></span> 
     </span>
    </p>
   </div>
   <div class='ocr_carea' id='block_1_7' title="bbox 64 3369 1186 3655">
    <p class='ocr_par' dir='ltr' id='par_1_8' title="bbox 64 3369 1186 3655">
     <span class='ocr_line' id='line_1_29' title="bbox 122 3369 1173 3457; baseline 0.005 -23"><span class='ocrx_word' id='word_1_220' title='bbox 122 3370 234 3436; x_wconf 90' lang='lat' dir='ltr'><strong>Media</strong></span> <span class='ocrx_word' id='word_1_221' title='bbox 255 3369 421 3435; x_wconf 84' lang='lat' dir='ltr'><strong>labialisd</strong></span> <span class='ocrx_word' id='word_1_222' title='bbox 444 3370 699 3457; x_wconf 84' lang='lat' dir='ltr'><strong>praepositionis</strong></span> <span class='ocrx_word' id='word_1_223' title='bbox 719 3374 756 3432; x_wconf 83' lang='lat' dir='ltr'><strong>ob</strong></span> <span class='ocrx_word' id='word_1_224' title='bbox 780 3377 854 3438; x_wconf 85' lang='lat' dir='ltr'><strong>ante</strong></span> <span class='ocrx_word' id='word_1_225' title='bbox 871 3389 1030 3436; x_wconf 85' lang='lat' dir='ltr'><strong>consonas</strong></span> <span class='ocrx_word' id='word_1_226' title='bbox 1045 3391 1173 3457; x_wconf 78' lang='lat' dir='ltr'><strong>semper</strong></span> 
     </span>
     <span class='ocr_line' id='line_1_30' title="bbox 64 3461 1186 3554; baseline 0.004 -24"><span class='ocrx_word' id='word_1_227' title='bbox 64 3467 128 3532; x_wconf 83' lang='lat' dir='ltr'><strong>iere</strong></span> <span class='ocrx_word' id='word_1_228' title='bbox 148 3470 283 3534; x_wconf 88' lang='lat' dir='ltr'><strong>interire</strong></span> <span class='ocrx_word' id='word_1_229' title='bbox 306 3467 401 3550; x_wconf 87' lang='lat' dir='ltr'><strong>solet,</strong></span> <span class='ocrx_word' id='word_1_230' title='bbox 430 3479 542 3554; x_wconf 89' lang='lat' dir='ltr'><strong>postea</strong></span> <span class='ocrx_word' id='word_1_231' title='bbox 571 3491 648 3534; x_wconf 90' lang='lat' dir='ltr'><strong>vero</strong></span> <span class='ocrx_word' id='word_1_232' title='bbox 671 3467 794 3533; x_wconf 88' lang='lat' dir='ltr'><strong>vocalis</strong></span> <span class='ocrx_word' id='word_1_233' title='bbox 816 3492 835 3531; x_wconf 89' lang='grc' dir='ltr'><em>α</em></span> <span class='ocrx_word' id='word_1_234' title='bbox 851 3461 1054 3554; x_wconf 78' lang='lat' dir='ltr'><strong>producitur.</strong></span> <span class='ocrx_word' id='word_1_235' title='bbox 1099 3468 1186 3549; x_wconf 79' lang='lat' dir='ltr'><strong>Qua·</strong></span> 
     </span>
     <span class='ocr_line' id='line_1_31' title="bbox 66 3564 1170 3655; baseline 0.005 -27"><span class='ocrx_word' id='word_1_236' title='bbox 66 3564 103 3629; x_wconf 91' lang='lat' dir='ltr'><strong>de</strong></span> <span class='ocrx_word' id='word_1_237' title='bbox 125 3589 160 3632; x_wconf 89' lang='lat' dir='ltr'><strong>re</strong></span> <span class='ocrx_word' id='word_1_238' title='bbox 183 3567 334 3652; x_wconf 87' lang='lat' dir='ltr'><strong>delegare</strong></span> <span class='ocrx_word' id='word_1_239' title='bbox 363 3567 480 3632; x_wconf 87' lang='lat' dir='ltr'><strong>sufficit</strong></span> <span class='ocrx_word' id='word_1_240' title='bbox 506 3567 548 3633; x_wconf 89' lang='lat' dir='ltr'><strong>ad</strong></span> <span class='ocrx_word' id='word_1_241' title='bbox 570 3589 713 3654; x_wconf 87' lang='lat' dir='ltr'><strong>eaquae</strong></span> <span class='ocrx_word' id='word_1_242' title='bbox 734 3569 979 3636; x_wconf 78' lang='lat' dir='ltr'><strong>accuratissime</strong></span> <span class='ocrx_word' id='word_1_243' title='bbox 1005 3577 1038 3634; x_wconf 82' lang='lat' dir='ltr'><strong>et</strong></span> <span class='ocrx_word' id='word_1_244' title='bbox 1059 3569 1170 3655; x_wconf 82' lang='lat' dir='ltr'><strong>copio-</strong></span> 
     </span>
    </p>
   </div>
   <div class='ocr_carea' id='block_1_8' title="bbox 68 3699 272 3715">
    <p class='ocr_par' dir='ltr' id='par_1_9' title="bbox 68 3699 272 3715">
     <span class='ocr_line' id='line_1_32' title="bbox 68 3699 272 3715; baseline -0.005 -2"><span class='ocrx_word' id='word_1_245' title='bbox 68 3700 105 3708; x_wconf 77' lang='grc'><em>”““-</em></span> <span class='ocrx_word' id='word_1_246' title='bbox 111 3699 272 3715; x_wconf 47' lang='lat' dir='ltr'><strong>w..</strong></span> 
     </span>
    </p>
   </div>
   <div class='ocr_carea' id='block_1_9' title="bbox 66 3725 1187 4240">
    <p class='ocr_par' dir='ltr' id='par_1_10' title="bbox 66 3725 1187 4240">
     <span class='ocr_line' id='line_1_33' title="bbox 113 3725 1183 3834; baseline 0.002 -14"><span class='ocrx_word' id='word_1_247' title='bbox 113 3765 138 3831; x_wconf 83' lang='lat'><strong>³)</strong></span> <span class='ocrx_word' id='word_1_248' title='bbox 156 3763 220 3818; x_wconf 86' lang='lat' dir='ltr'><strong>Etsi</strong></span> <span class='ocrx_word' id='word_1_249' title='bbox 236 3762 268 3820; x_wconf 92' lang='grc' dir='ltr'><strong>Ο.</strong></span> <span class='ocrx_word' id='word_1_250' title='bbox 287 3725 459 3822; x_wconf 78' lang='lat' dir='ltr'><strong>Ribbeckius</strong></span> <span class='ocrx_word' id='word_1_251' title='bbox 476 3766 510 3819; x_wconf 89' lang='lat' dir='ltr'><strong>de</strong></span> <span class='ocrx_word' id='word_1_252' title='bbox 529 3765 660 3822; x_wconf 85' lang='lat' dir='ltr'><strong>hocloco</strong></span> <span class='ocrx_word' id='word_1_253' title='bbox 679 3765 748 3832; x_wconf 82' lang='lat' dir='ltr'><strong>nihil</strong></span> <span class='ocrx_word' id='word_1_254' title='bbox 766 3764 855 3834; x_wconf 73' lang='lat' dir='ltr'><strong>affert,</strong></span> <span class='ocrx_word' id='word_1_255' title='bbox 872 3782 930 3820; x_wconf 90' lang='lat' dir='ltr'><strong>non</strong></span> <span class='ocrx_word' id='word_1_256' title='bbox 953 3770 1048 3827; x_wconf 82' lang='lat' dir='ltr'><strong>tamen</strong></span> <span class='ocrx_word' id='word_1_257' title='bbox 1065 3771 1107 3822; x_wconf 84' lang='lat' dir='ltr'><strong>eat</strong></span> <span class='ocrx_word' id='word_1_258' title='bbox 1124 3768 1183 3831; x_wconf 78' lang='lat' dir='ltr'><strong>du,</strong></span> 
     </span>
     <span class='ocr_line' id='line_1_34' title="bbox 68 3842 1173 3922; baseline 0.006 -25"><span class='ocrx_word' id='word_1_259' title='bbox 68 3842 224 3917; x_wconf 79' lang='lat' dir='ltr'><strong>nitendum,</strong></span> <span class='ocrx_word' id='word_1_260' title='bbox 253 3849 320 3920; x_wconf 88' lang='lat' dir='ltr'><strong>quin</strong></span> <span class='ocrx_word' id='word_1_261' title='bbox 346 3865 440 3904; x_wconf 86' lang='lat' dir='ltr'><strong>verum</strong></span> <span class='ocrx_word' id='word_1_262' title='bbox 466 3849 639 3916; x_wconf 81' lang='lat' dir='ltr'><strong>adnotaverit</strong></span> <span class='ocrx_word' id='word_1_263' title='bbox 665 3849 830 3920; x_wconf 86' lang='lat' dir='ltr'><strong>Wagnerus.</strong></span> <span class='ocrx_word' id='word_1_264' title='bbox 866 3848 937 3904; x_wconf 89' lang='lat' dir='ltr'><strong>Nam</strong></span> <span class='ocrx_word' id='word_1_265' title='bbox 961 3849 994 3907; x_wconf 77' lang='lat' dir='ltr'><strong>R.</strong></span> <span class='ocrx_word' id='word_1_266' title='bbox 1019 3850 1078 3922; x_wconf 84' lang='lat' dir='ltr'><strong>ipse</strong></span> <span class='ocrx_word' id='word_1_267' title='bbox 1107 3851 1173 3908; x_wconf 86' lang='lat' dir='ltr'><strong>dicit</strong></span> 
     </span>
     <span class='ocr_line' id='line_1_35' title="bbox 66 3923 1187 4068; baseline 0.002 -83"><span class='ocrx_word' id='word_1_268' title='bbox 66 3929 183 4068; x_wconf 54' lang='lat' dir='ltr'><strong>ltipqqqu.</strong></span> <span class='ocrx_word' id='word_1_269' title='bbox 208 3932 268 4052; x_wconf 79' lang='lat' dir='ltr'><strong>crit.</strong></span> <span class='ocrx_word' id='word_1_270' title='bbox 292 3931 321 3984; x_wconf 94' lang='lat' dir='ltr'><strong>in</strong></span> <span class='ocrx_word' id='word_1_271' title='bbox 339 3929 423 4004; x_wconf 85' lang='lat' dir='ltr'><strong>Verg.</strong></span> <span class='ocrx_word' id='word_1_272' title='bbox 451 3950 478 4004; x_wconf 91' lang='lat' dir='ltr'><strong>p.</strong></span> <span class='ocrx_word' id='word_1_273' title='bbox 497 3930 567 4018; x_wconf 67' lang='grc' dir='ltr'><strong>220.)ι</strong></span> <span class='ocrx_word' id='word_1_274' title='bbox 592 3932 731 4010; x_wconf 84' lang='lat' dir='ltr'><strong>integrum</strong></span> <span class='ocrx_word' id='word_1_275' title='bbox 752 3927 872 4034; x_wconf 80' lang='lat' dir='ltr'><strong>codicem</strong></span> <span class='ocrx_word' id='word_1_276' title='bbox 897 3929 1020 3990; x_wconf 79' lang='lat' dir='ltr'><strong>conferre</strong></span> <span class='ocrx_word' id='word_1_277' title='bbox 1046 3931 1098 3988; x_wconf 86' lang='lat' dir='ltr'><strong>sibi</strong></span> <span class='ocrx_word' id='word_1_278' title='bbox 1116 3923 1187 4036; x_wconf 75' lang='lat' dir='ltr'><strong>raon¹</strong></span> 
     </span>
     <span class='ocr_line' id='line_1_36' title="bbox 115 4057 840 4170; baseline 0.007 -19"><span class='ocrx_word' id='word_1_279' title='bbox 115 4100 141 4164; x_wconf 78' lang='lat'><strong>4)</strong></span> <span class='ocrx_word' id='word_1_280' title='bbox 160 4057 254 4154; x_wconf 77' lang='lat' dir='ltr'><strong>linum</strong></span> <span class='ocrx_word' id='word_1_281' title='bbox 271 4097 327 4154; x_wconf 89' lang='lat' dir='ltr'><strong>scio</strong></span> <span class='ocrx_word' id='word_1_282' title='bbox 347 4097 513 4170; x_wconf 84' lang='lat' dir='ltr'><strong>exemplum:</strong></span> <span class='ocrx_word' id='word_1_283' title='bbox 528 4099 643 4168; x_wconf 74' lang='lat' dir='ltr'><strong>stamma</strong></span> <span class='ocrx_word' id='word_1_284' title='bbox 659 4115 692 4154; x_wconf 85' lang='lat' dir='ltr'><strong>ex</strong></span> <span class='ocrx_word' id='word_1_285' title='bbox 711 4101 840 4170; x_wconf 76' lang='lat' dir='ltr'><strong>*flopmu</strong></span> 
     </span>
     <span class='ocr_line' id='line_1_37' title="bbox 911 4187 961 4240; baseline 0.02 -1"><span class='ocrx_word' id='word_1_286' title='bbox 911 4187 961 4240; x_wconf 79' lang='lat' dir='ltr'><strong>tu*</strong></span> 
     </span>
    </p>
   </div>
   <div class='ocr_carea' id='block_1_10' title="bbox 0 0 1532 4968">
    <p class='ocr_par' dir='ltr' id='par_1_11' title="bbox 0 0 1532 4968">
     <span class='ocr_line' id='line_1_38' title="bbox 0 0 1532 4968; baseline 0 6"><span class='ocrx_word' id='word_1_287' title='bbox 0 0 1532 4968; x_wconf 95' lang='lat' dir='ltr'><strong> </strong></span> 
     </span>
    </p>
   </div>
  </div>
 </body>
</html>
