3056 4968
871 458 929 520 leo

796 539 1004 548 -—--—-

404 656 495 698 anese
515 633 568 710 (cf.
590 633 731 698 Nonium
752 658 784 721 p.
809 639 877 717 183,
899 640 959 713 20).
1001 633 1057 704 Ex
1078 643 1245 701 ’uniuersa
1264 637 1385 704 factum
1405 649 1451 704 θεῖ

342 733 498 798 *unverre
520 733 571 810 (cf.
592 733 772 822 incenatus
795 731 939 799 consulto
962 733 1001 799 de
1020 735 1280 803 Bacchanalibus
1308 742 1452 802 obserari

327 834 365 921 pi.
388 855 415 898 e.
437 836 598 915 universi),
629 831 747 899 deinde
768 833 899 896 *ascrae
920 833 1205 920 (quemadmodum
1226 835 1468 900 Lachmannus¹

343 941 375 996 et
395 931 595 1018 Bernaysius
616 931 712 997 Luer.
736 933 784 1000 IV
784 983 792 998 .
816 937 876 1002 260
904 955 1046 996 anasum
1072 933 1234 1016 scribunt,
1264 933 1321 999 ubi
1346 957 1450 1000 neces·

344 1032 431 1096 sario
456 1029 662 1117 trisyllabum
693 1041 742 1096 est
763 1032 844 1098 illud
865 1032 1029 1116 verbum),
1049 1041 1117 1098 tum
1139 1032 1274 1096 *ancara
1297 1035 1350 1112 (cf.
1368 1060 1453 1117 proa-
1518 1057 1519 1084 ε

343 1154 421 1210 arim,
443 1133 611 1206 introrsum,
632 1152 692 1216 pro
710 1155 854 1211 prorsam
874 1135 1057 1210 introrsum),
1078 1131 1217 1216 denique
1236 1134 1380 1212 nearest)

404 1262 472 1326 Iam
496 1261 679 1327 accedimus
701 1261 745 1327 ad
765 1262 913 1328 naualem
935 1262 1076 1328 litteram
1091 1288 1120 1342 a,
1142 1285 1240 1351 quam
1256 1263 1369 1330 Latini
1382 1275 1452 1330 ante

343 1383 500 1426 consonas
523 1365 550 1440 t,
562 1369 588 1442 j,
603 1385 621 1422 o
635 1383 793 1448 nusquam
814 1363 992 1444 eiecerunt,
1008 1363 1071 1428 nisi
1086 1364 1120 1428 in
1136 1364 1378 1450 praepositione
1394 1389 1450 1427 con.

852 1545 881 1625 s.
906 1550 952 1611 ιε.
1009 1535 1013 1544 ’

407 1673 567 1756 Quamvis
590 1673 676 1740 enim
697 1677 942 1764 incompositis
964 1678 1105 1756 cohihere,
1128 1681 1282 1740 cohortari
1302 1677 1343 1744 al.
1366 1702 1387 1740 a
1409 1677 1451 1742 lit·

345 1783 416 1840 tera
437 1797 502 1839 non
523 1782 700 1857 remaneat,
723 1775 899 1840 servabant
919 1773 1009 1839 illam
1034 1776 1067 1838 in
1090 1797 1184 1840 omne
1206 1784 1334 1864 tempus
1356 1776 1453 1841 verba

344 1897 418 1939 cum
440 1874 682 1962 praepositione
703 1878 734 1936 in
756 1878 950 1962 composita,
974 1873 1013 1940 ef.
1037 1877 1185 1950 inhibere,
1206 1878 1392 1950 inhonestas,
1415 1879 1452 1938 in·

345 1979 489 2036 tamesae
511 1973 563 2050 al,
586 1994 669 2060 quae
691 1973 820 2061 quidem
843 1974 951 2039 omnia
972 1973 1078 2058 primo
1095 1971 1210 2037 obtutu
1225 1975 1323 2038 certis
1338 1973 1453 2038 finibus

346 2071 503 2138 contineri
534 2095 599 2136 non
620 2093 716 2158 posse
738 2071 908 2154 videntur,
943 2070 1001 2136 sed
1028 2069 1181 2135 videntur
1209 2079 1352 2156 tantum3
1385 2096 1452 2137 cum

344 2173 432 2236 enim
454 2169 577 2236 nasalis
598 2174 630 2232 ia
652 2172 905 2258 praepositionis
926 2170 967 2234 ab
990 2169 1082 2250 initio
1104 2178 1220 2252 exstet,
1244 2195 1299 2233 con
1322 2194 1452 2258 praepo-

345 2272 418 2336 sitio
438 2271 527 2334 sacta
548 2280 597 2334 est
619 2291 660 2334 ex
682 2294 753 2346 rum,
775 2268 862 2358 quod
884 2269 1048 2355 antiquius
1069 2268 1170 2332 luisse
1190 2291 1284 2360 nemo
1307 2271 1453 2356 negabit;

345 2367 473 2434 labialis
495 2369 594 2454 igitur
624 2390 721 2434 sonus
748 2379 823 2434 ante
843 2375 861 2432 t
883 2369 1060 2456 spirantem
1088 2367 1286 2452 gutturalem
1315 2392 1381 2434 non
1402 2393 1452 2456 po·

344 2471 405 2532 tuit
419 2469 623 2554 pronuntiari
645 2478 845 2556 quapropter
865 2467 1096 2532 transformata
1118 2476 1167 2530 θεῖ
1187 2469 1222 2530 in
1243 2491 1264 2530 a
1284 2468 1453 2554 gutturale‚

345 2567 432 2652 quod
453 2591 474 2628 a
496 2565 711 2632 adulterinum
731 2577 767 2632 ut
787 2565 993 2653 grammatici
1010 2563 1121 2629 dicunt
1136 2565 1396 2652 comparandum
1411 2577 1455 2631 est
1520 2607 1521 2638 ;

345 2675 394 2730 est
420 2688 491 2730 cum
520 2665 649 2732 Sanscr.
670 2668 701 2732 1'1.
745 2665 841 2747 Quod
868 2662 1031 2752 gutturale
1058 2687 1080 2728 n
1108 2675 1283 2752 postquam
1311 2665 1455 2731 mutari
1520 2655 1521 2722 l

346 2773 528 2851 coeptum
551 2775 627 2846 est,
656 2767 779 2830 maiore
801 2774 871 2830 erat
892 2762 1053 2846 exilitate,
1082 2786 1180 2852 quam
1202 2787 1223 2826 n
1244 2765 1455 2851 primitivum,

346 2863 432 2949 quod
463 2864 640 2928 mutatione
675 2887 839 2952 nunquam
874 2861 1024 2926 affectum
1058 2863 1156 2928 etiam
1183 2873 1259 2928 ante
1290 2869 1309 2926 t
1342 2873 1456 2944 manet,

347 2963 440 3049 quasi
480 2971 639 3029 vetustate
680 2963 831 3028 duratum
870 2962 911 3027 cf.
944 2965 1107 3038 calciare,
1152 2963 1241 3026 cuius
1276 2963 1456 3048 praefixum

348 3061 479 3128 Curtius
512 3062 581 3126 sine
616 3061 713 3127 dubio
749 3071 837 3126 recte
864 3060 966 3138 (elem.
994 3069 1091 3148 etym.
1121 3083 1152 3148 p.
1174 3065 1246 3138 275)
1277 3061 1457 3149 composuit

347 3184 422 3226 cum
445 3159 502 3227 Gr.
526 3153 601 3226 ἀνά.
625 3173 627 3178 ·
940 3229 945 3238 ,

408 3259 452 3325 Εῖ
472 3257 583 3325 cadem
599 3259 640 3326 de
655 3282 771 3326 caussa
785 3261 818 3324 in
834 3259 978 3342 vocibus,
1001 3256 1167 3346 inquibus
1183 3257 1353 3343 praecedit
1369 3281 1457 3347 prse-

347 3361 464 3448 positio
482 3383 536 3422 con
558 3357 806 3424 semivocalibus
812 3367 834 3440 j
853 3368 885 3423 et
902 3383 920 3420 v
941 3356 1085 3422 nasalem
1104 3379 1168 3421 non
1187 3367 1355 3424 servatam
1371 3367 1457 3446 puto,

348 3468 511 3523 servatam
535 3468 642 3524 autem
671 3480 757 3539 esse,
785 3459 1026 3544 praepositione
1053 3459 1084 3518 ia
1106 3453 1334 3542 praecedente.

402 3711 444 3778 15)
469 3708 548 3762 Haec
567 3707 728 3778 scripseram
750 3721 813 3760 cum
834 3703 890 3758 vidi
909 3704 1119 3761 Lachmannum
1142 3705 1259 3760 eandem
1275 3705 1355 3760 verbi
1377 3720 1459 3760 unam

348 3793 483 3863 originem
506 3791 682 3862 descripsisse
705 3791 752 3858 (ad
770 3788 881 3842 Lucret.
899 3806 927 3859 p.
946 3792 1014 3857 230).
1049 3789 1130 3855 Quod
1151 3805 1216 3844 vero
1239 3787 1391 3842 arbitratus
1409 3791 1456 3852 est,

347 3876 403 3930 iam
423 3875 452 3928 in
469 3875 569 3930 anonae
592 3879 621 3929 et
638 3878 765 3929 deorwra
791 3888 807 3926 ο
824 3872 949 3927 vocalem
974 3873 1087 3944 longam
1109 3871 1194 3926 finisse
1221 3871 1305 3924 utin
1324 3867 1455 3926 vocabulo

344 3977 476 4030 proretae
501 3958 593 4028 opinio
624 3956 724 4012 fefellit
748 3956 837 4015 virum
866 3955 1060 4012 doctissimum.
1101 3957 1200 4026 Longe
1232 3953 1307 4010 enim
1334 3955 1389 4010 alia
1416 3956 1455 4007 est

348 4042 419 4095 ratio
450 4033 560 4110 armac,
590 4045 729 4108 deorsam,
761 4041 817 4094 alia
843 4041 972 4096 vocabuli
996 4059 1141 4114 prorsam,
1170 4039 1245 4109 quod
1271 4038 1452 4094 contractione

348 4129 439 4181 ortum
458 4130 550 4184 estex
569 4127 758 4198 *provorsum
843 4161 845 4166 -
