3008 4968
598 467 656 528 169

86 643 158 725 Quis
179 646 308 711 tandem
330 669 451 732 negare
474 645 593 731 poterit
614 643 791 712 alibrariis
811 643 924 732 lingua
942 641 1053 708 Attica
1075 663 1183 706 assue-

84 745 119 808 tis
138 743 233 810 multo
260 743 388 810 facilius
411 767 434 807 α
456 743 565 808 invehi
586 745 730 831 potuisse
752 769 849 833 quam
871 745 914 829 ⁷1⁴?
950 743 1064 807 Nonne
1086 743 1183 806 etiam

83 842 161 930 apud
180 843 307 909 Ionicos
336 853 451 931 poetas
472 853 503 908 et
525 842 675 908 Solonem
694 867 791 931 saepe
813 867 834 907 α
856 843 938 910 falso
959 865 1019 929 pro
1042 841 1183 927 genuina

77 965 98 1026 r,
118 941 218 1008 vocali
241 945 397 1029 seriptum
419 941 583 1008 vidimus?
616 942 766 1031 Denique
780 946 835 1032 qui
845 943 897 1009 vel
914 943 964 1008 his
979 943 1108 1008 monitis
1119 963 1183 1006 nou

82 1043 202 1126 patitur,
224 1044 301 1130 quin
325 1064 346 1104 α
367 1065 482 1129 purum
505 1041 567 1105 sibi
594 1043 767 1128 eripiatur,
797 1043 872 1108 huic
899 1063 1079 1130 opponam,
1112 1061 1183 1104 eum

81 1141 140 1204 sine
159 1139 225 1205 ulla
245 1142 332 1206 iusta
354 1164 453 1206 causa
474 1149 591 1226 poetae
612 1141 715 1206 invito
738 1142 884 1229 regulam
906 1141 1035 1207 Atticae
1052 1139 1183 1204 dialecti

82 1239 243 1306 obtrudere
265 1242 384 1324 conari,
408 1263 504 1328 quam
527 1239 683 1306 dialectus
699 1239 824 1306 Dorica
845 1263 979 1327 prorsus
999 1237 1183 1326 ignorabat.

81 1339 240 1424 -Neque
263 1342 367 1405 minus
390 1339 502 1406 dubito
532 1341 608 1425 quin
629 1363 694 1404 vss.
721 1345 760 1408 84
781 1349 813 1404 et
837 1347 897 1410 856
920 1341 999 1415 ναῦς
1020 1341 1182 1422 corrigen-

81 1437 145 1502 dum
164 1441 219 1522 sit3
242 1461 262 1524 η
283 1439 385 1505 habes
406 1443 480 1505 970:
508 1439 584 1523 νηῦς
601 1437 663 1516 (A).
690 1445 744 1505 12:
767 1432 869 1524 νηυσί.
887 1444 960 1506 513;
975 1433 1058 1523 νηός.
1071 1441 1183 1506 -680

81 1559 145 1602 vero
167 1540 245 1600 ναῦν
255 1540 360 1604 forma
374 1538 591 1623 corruptelam
605 1561 670 1604 non
688 1538 798 1626 traxit.
843 1538 926 1605 Cum
948 1539 1033 1604 enim
1051 1537 1182 1602 brevior

79 1637 170 1704 forma
191 1639 269 1724 νηῦν
290 1638 332 1703 ab
353 1636 487 1702 lenibus
509 1637 614 1703 bonae
641 1641 757 1704 aetatis
785 1662 919 1726 prorsus
951 1637 1058 1704 aliena
1087 1647 1182 1718 esset,

82 1745 169 1822 poeta
196 1758 269 1802 eam
298 1760 362 1802 non
390 1745 522 1823 poterat
555 1739 620 1803 nisi
647 1761 689 1804 ex
719 1741 827 1826 patria
861 1738 1000 1806 dialecto
1024 1736 1182 1822 accipere.

80 1833 183 1900 Eluoet
203 1845 312 1901 autem
334 1834 376 1899 ab
399 1857 436 1900 eo
459 1835 597 1902 formam
620 1837 709 1904 illam
731 1839 887 1904 insertam
908 1839 1090 1920 esse,'cum
1111 1833 1205 1900 bre·

77 1935 147 1999 viori
169 1944 370 2022 pentametro
392 1936 501 1999 versui
523 1932 694 2015 (δειμαίνω
721 1931 767 2022 μή
790 1960 863 2014 πως
884 1939 966 2000 ναῦν
988 1931 1073 1998 κατὰ
1095 1936 1182 2014 κῦμα

78 2026 147 2120 rcr'ptb
168 2035 273 2121 magis
294 2027 411 2100 idonea
432 2057 504 2100 esse
523 2034 698 2101 videretur.
739 2037 894 2119 Fortasse
914 2038 1013 2102 etiam
1030 2059 1078 2100 vs.
1104 2039 1182 2102 1059

78 2143 162 2216 poeta
186 2126 360 2216 Τιμαγόρα
379 2134 522 2216 retinuit,
545 2156 620 2200 cum
642 2144 728 2200 esset
753 2158 870 2201 nomen
892 2139 1063 2223 proprium
1084 2133 1182 2198 Dori·

80 2253 148 2298 oum.

149 2365 215 2432 Eos
237 2388 334 2448 vero,·
358 2367 414 2454 qui
436 2367 608 2454 opinentur
634 2387 656 2428 α
686 2365 833 2432 vocalem
861 2375 1027 2456 tamquam
1056 2367 1180 2454 piperis

79 2487 202 2550 granmn
223 2464 330 2531 hicet
356 2464 423 2531 illic
445 2467 602 2530 insertum
624 2487 695 2530 esse
717 2488 737 2530 a
758 2475 871 2553 potita,
894 2475 929 2530 ut
953 2467 1099 2532 carmina
1126 2489 1179 2530 ne·
1275 2507 1281 2517 ·

80 2566 135 2629 scio
155 2587 249 2652 quam
273 2564 444 2630 mirificam
454 2565 613 2630 Doricam
634 2565 845 2631 acerbitatem
865 2575 1026 2652 saperent,
1048 2587 1179 2652 quaero,

80 2673 107 2725 ut
126 2661 271 2750 exemplo
298 2673 386 2748 utar,
420 2664 573 2750 quidnam
600 2665 728 2730 efficere
760 2663 899 2750 voluerit
927 2675 1024 2752 potita
1051 2671 1120 2732 6432
1143 2673 1179 2730 t:

83 2758 195 2825 Πολλοὶ
215 2757 277 2845 γὰρ
303 2765 437 2851 κρητῆρι
458 2757 555 2850 φίλαι
578 2757 724 2844 γίνονται
739 2757 989 2848 ἔταῖραι,Ηὲνῦέ
1004 2757 1178 2848 σπουδαίῳ

79 2855 235 2944 πράγματι
255 2856 457 2950 παυρότεροι
479 2863 615 2929 dicens?
638 2863 744 2946 Quam
764 2865 966 2948 varietatem,
989 2874 1025 2930 ut
1046 2887 1067 2928 a
1080 2873 1180 2950 poeta

79 2984 213 3029 manasse
243 2962 371 3045 credat,
405 2974 491 3028 certe
522 2986 616 3028 nemo
649 2963 828 3029 adducetur
838 2965 872 3040 ⁹).
895 3001 935 3009 -
958 2951 1108 3030 (letarum
1144 2964 1178 3027 in

79 3059 149 3127 banc
168 3063 388 3150 quaestionem
409 3063 444 3126 in
461 3063 574 3128 ultima
594 3067 623 3145 ξ.
646 3085 822 3128 recurram.

148 3195 179 3280 2)
200 3195 303 3260 Multo
336 3195 511 3262 artioribus
542 3193 660 3260 finibus
688 3197 953 3283 circumscriptus
979 3203 1028 3258 est
1052 3216 1130 3258 usus
1161 3215 1180 3278 η

78 3294 186 3360 vocalis
215 3317 276 3382 pro
306 3315 342 3377 α,
373 3317 470 3383 quarn
503 3303 629 3360 ceterae
660 3295 791 3360 dialecti
821 3297 1055 3381 corripuerunt.
1105 3292 1179 3357 Huc

79 3403 212 3478 spectant
237 3393 392 3460 nonnulla
413 3395 569 3460 feminina
593 3402 619 3460 1.
637 3393 716 3460 decl.
740 3398 774 3460 in
796 3417 849 3457 εια
872 3404 904 3460 et
925 3415 975 3457 tu:
1006 3393 1083 3457 Sim.
1111 3401 1136 3472 1,
1159 3399 1178 3458 6

78 3485 270 3580 ἐπιπειθείη.
291 3492 389 3558 Arch.
412 3503 485 3575 tetr.
509 3501 589 3577 78,5
612 3485 946 3579 dvotdt'prtDindorf3
968 3492 1061 3571 „libri
1079 3491 1176 3556 Athe-

80 3669 272 3682 ——n-——n

134 3811 159 3877 9)
176 3809 217 3866 Ne
231 3810 371 3886 Bergkius
389 3813 500 3884 quidem
520 3812 667 3887 πράγματι
686 3813 813 3881 retinuit,
840 3810 964 3882 quamvis
994 3809 1055 3862 aliis
1077 3809 1143 3863 locis
1163 3831 1180 3862 α

79 3889 198 3949 intectum
214 3896 353 3970 relinquat
371 3902 399 3952 et
416 3897 456 3966 (in
474 3898 655 3952 annotatione
674 3898 710 3951 ad
726 3915 766 3952 vs.
787 3900 829 3962 84)
848 3895 892 3949 vel
911 3915 928 3947 α
943 3893 1065 3948 revocari
1084 3892 1179 3948 iubeat

81 3990 113 4028 vs.
130 3979 175 4033 970
190 3979 218 4034 in
231 3987 315 4052 ναῦςς
338 3985 436 4036 contra
454 3999 492 4034 vs.
512 3985 546 4035 m
567 3981 710 4051 „epicum“
730 3985 814 4048 νηυσί
836 3978 962 4034 consulto
987 3981 1087 4032 servat.
1122 3975 1178 4031 Cur

83 4055 142 4112 idem
163 4065 251 4118 tamen
273 4083 313 4120 vs.
330 4069 378 4120 513
405 4064 489 4118 tacite
515 4066 592 4133 νηὸς,
618 4065 693 4136 quod
719 4081 775 4120 non
797 4063 918 4135 positum
944 4061 979 4116 sit
1006 4061 1035 4115 in
1060 4060 1177 4116 formula

84 4141 183 4215 epira,
200 4162 231 4202 ex
249 4147 389 4204 codicibus
406 4148 549 4219 receperit,
567 4165 625 4204 non
641 4147 782 4218 intellego.
