<?xml version="1.0" encoding="UTF-8"?>
<!DOCTYPE html PUBLIC "-//W3C//DTD XHTML 1.0 Transitional//EN"
    "http://www.w3.org/TR/xhtml1/DTD/xhtml1-transitional.dtd">
<html xmlns="http://www.w3.org/1999/xhtml" xml:lang="en" lang="en">
 <head>
  <title>
</title>
<meta http-equiv="Content-Type" content="text/html;charset=utf-8" />
  <meta name='ocr-system' content='tesseract 3.04.00' />
  <meta name='ocr-capabilities' content='ocr_page ocr_carea ocr_par ocr_line ocrx_word'/>
</head>
<body>
  <div class='ocr_page' id='page_1' title='image "./studienzurgriec00vanigoog_0050.png"; bbox 0 0 3148 4958; ppageno 0'>
   <div class='ocr_carea' id='block_1_1' title="bbox 830 423 911 502">
    <p class='ocr_par' dir='ltr' id='par_1_1' title="bbox 830 423 911 502">
     <span class='ocr_line' id='line_1_1' title="bbox 830 423 911 502; baseline 0 0"><span class='ocrx_word' id='word_1_1' title='bbox 830 457 833 465; x_wconf 93' lang='lat'>·</span> <span class='ocrx_word' id='word_1_2' title='bbox 870 423 911 502; x_wconf 73' lang='grc'><strong>31)</strong></span> 
     </span>
    </p>
   </div>
   <div class='ocr_carea' id='block_1_2' title="bbox 256 598 1540 2381">
    <p class='ocr_par' dir='ltr' id='par_1_2' title="bbox 256 598 1540 2381">
     <span class='ocr_line' id='line_1_2' title="bbox 288 598 1450 688; baseline 0 -22"><span class='ocrx_word' id='word_1_3' title='bbox 288 610 292 620; x_wconf 90' lang='grc'><strong>’</strong></span> <span class='ocrx_word' id='word_1_4' title='bbox 330 601 416 668; x_wconf 80' lang='lat' dir='ltr'><strong>mica</strong></span> <span class='ocrx_word' id='word_1_5' title='bbox 435 599 501 686; x_wconf 88' lang='lat' dir='ltr'><strong>legi</strong></span> <span class='ocrx_word' id='word_1_6' title='bbox 523 598 636 682; x_wconf 79' lang='lat' dir='ltr'>solent,</span> <span class='ocrx_word' id='word_1_7' title='bbox 658 621 696 664; x_wconf 93' lang='lat' dir='ltr'><strong>eo</strong></span> <span class='ocrx_word' id='word_1_8' title='bbox 718 602 911 683; x_wconf 86' lang='lat' dir='ltr'><strong>continetur,</strong></span> <span class='ocrx_word' id='word_1_9' title='bbox 934 600 1022 686; x_wconf 91' lang='lat' dir='ltr'><strong>quod</strong></span> <span class='ocrx_word' id='word_1_10' title='bbox 1043 603 1270 688; x_wconf 83' lang='lat' dir='ltr'><strong>patronymica</strong></span> <span class='ocrx_word' id='word_1_11' title='bbox 1294 604 1450 686; x_wconf 83' lang='lat' dir='ltr'><strong>genetivo</strong></span> 
     </span>
     <span class='ocr_line' id='line_1_3' title="bbox 332 699 1451 788; baseline 0 -24"><span class='ocrx_word' id='word_1_12' title='bbox 332 723 411 765; x_wconf 88' lang='lat' dir='ltr'><strong>casu</strong></span> <span class='ocrx_word' id='word_1_13' title='bbox 432 708 507 786; x_wconf 91' lang='lat' dir='ltr'><strong>post</strong></span> <span class='ocrx_word' id='word_1_14' title='bbox 527 699 796 786; x_wconf 83' lang='lat' dir='ltr'><strong>penthemimerin</strong></span> <span class='ocrx_word' id='word_1_15' title='bbox 817 703 864 766; x_wconf 84' lang='lat' dir='ltr'><strong>ita</strong></span> <span class='ocrx_word' id='word_1_16' title='bbox 885 703 993 787; x_wconf 87' lang='lat' dir='ltr'><strong>posita</strong></span> <span class='ocrx_word' id='word_1_17' title='bbox 1013 709 1098 780; x_wconf 92' lang='lat' dir='ltr'><strong>sunt,</strong></span> <span class='ocrx_word' id='word_1_18' title='bbox 1119 701 1206 766; x_wconf 89' lang='lat' dir='ltr'><strong>utin</strong></span> <span class='ocrx_word' id='word_1_19' title='bbox 1227 701 1339 788; x_wconf 89' lang='lat' dir='ltr'><strong>quinto</strong></span> <span class='ocrx_word' id='word_1_20' title='bbox 1362 699 1451 786; x_wconf 88' lang='lat' dir='ltr'><strong>pede</strong></span> 
     </span>
     <span class='ocr_line' id='line_1_4' title="bbox 331 798 1450 886; baseline -0.003 -22"><span class='ocrx_word' id='word_1_21' title='bbox 331 822 499 864; x_wconf 85' lang='lat' dir='ltr'><strong>caesuram</strong></span> <span class='ocrx_word' id='word_1_22' title='bbox 521 798 664 886; x_wconf 79' lang='lat' dir='ltr'><strong>aliquam</strong></span> <span class='ocrx_word' id='word_1_23' title='bbox 691 800 821 866; x_wconf 83' lang='lat' dir='ltr'><strong>faciant.</strong></span> <span class='ocrx_word' id='word_1_24' title='bbox 866 800 938 879; x_wconf 80' lang='lat' dir='ltr'><strong>Quo</strong></span> <span class='ocrx_word' id='word_1_25' title='bbox 961 809 1110 885; x_wconf 84' lang='lat' dir='ltr'><strong>spectant</strong></span> <span class='ocrx_word' id='word_1_26' title='bbox 1129 799 1289 864; x_wconf 85' lang='lat' dir='ltr'><strong>formulae</strong></span> <span class='ocrx_word' id='word_1_27' title='bbox 1311 809 1347 864; x_wconf 93' lang='lat' dir='ltr'><strong>ut</strong></span> <span class='ocrx_word' id='word_1_28' title='bbox 1369 801 1450 861; x_wconf 85' lang='lat' dir='ltr'><strong>Me-</strong></span> 
     </span>
     <span class='ocr_line' id='line_1_5' title="bbox 330 887 1449 984; baseline 0.009 -24"><span class='ocrx_word' id='word_1_29' title='bbox 330 891 506 962; x_wconf 78' lang='grc' dir='ltr'><em>νοιτιάδαο</em></span> <span class='ocrx_word' id='word_1_30' title='bbox 528 887 675 984; x_wconf 83' lang='grc' dir='ltr'><em>δαμῆναι</em></span> <span class='ocrx_word' id='word_1_31' title='bbox 697 901 735 960; x_wconf 90' lang='grc' dir='ltr'><em>Π</em></span> <span class='ocrx_word' id='word_1_32' title='bbox 754 905 824 982; x_wconf 87' lang='grc'>434,</span> <span class='ocrx_word' id='word_1_33' title='bbox 847 905 922 982; x_wconf 93' lang='grc'>452,</span> <span class='ocrx_word' id='word_1_34' title='bbox 945 899 984 963; x_wconf 85' lang='lat' dir='ltr'><strong>cf.</strong></span> <span class='ocrx_word' id='word_1_35' title='bbox 1005 905 1081 980; x_wconf 84' lang='grc'>420,</span> <span class='ocrx_word' id='word_1_36' title='bbox 1103 906 1179 974; x_wconf 84' lang='grc'><strong>438;</strong></span> <span class='ocrx_word' id='word_1_37' title='bbox 1209 892 1449 970; x_wconf 62' lang='grc' dir='ltr'><strong>Μενοιτιάδαο</strong></span> 
     </span>
     <span class='ocr_line' id='line_1_6' title="bbox 332 991 1446 1084; baseline 0.005 -24"><span class='ocrx_word' id='word_1_38' title='bbox 332 991 496 1071; x_wconf 74' lang='grc' dir='ltr'><strong><em>θανόντος</em></strong></span> <span class='ocrx_word' id='word_1_39' title='bbox 516 999 547 1058; x_wconf 91' lang='lat' dir='ltr'><em>P</em></span> <span class='ocrx_word' id='word_1_40' title='bbox 565 1003 635 1080; x_wconf 83' lang='lat'><strong>538,</strong></span> <span class='ocrx_word' id='word_1_41' title='bbox 661 1002 691 1058; x_wconf 76' lang='lat' dir='ltr'><strong>d)</strong></span> <span class='ocrx_word' id='word_1_42' title='bbox 711 1002 767 1072; x_wconf 90' lang='grc'><strong>28;</strong></span> <span class='ocrx_word' id='word_1_43' title='bbox 790 996 988 1084; x_wconf 86' lang='grc' dir='ltr'><em>Νηληιάδαο</em></span> <span class='ocrx_word' id='word_1_44' title='bbox 1015 994 1167 1080; x_wconf 74' lang='grc' dir='ltr'><strong><em>γέροντος</em></strong></span> <span class='ocrx_word' id='word_1_45' title='bbox 1193 999 1222 1062; x_wconf 83' lang='grc' dir='ltr'>Θ</span> <span class='ocrx_word' id='word_1_46' title='bbox 1239 1005 1306 1080; x_wconf 86' lang='grc'>100,</span> <span class='ocrx_word' id='word_1_47' title='bbox 1327 999 1446 1080; x_wconf 85' lang='grc'>0378,</span> 
     </span>
     <span class='ocr_line' id='line_1_7' title="bbox 326 1092 1449 1187; baseline -0.001 -25"><span class='ocrx_word' id='word_1_48' title='bbox 326 1096 523 1182; x_wconf 81' lang='lat' dir='ltr'><strong>quibuscum</strong></span> <span class='ocrx_word' id='word_1_49' title='bbox 543 1119 713 1182; x_wconf 86' lang='lat' dir='ltr'><strong>compares</strong></span> <span class='ocrx_word' id='word_1_50' title='bbox 738 1093 935 1187; x_wconf 78' lang='grc' dir='ltr'><em>Πηληιάδαο</em></span> <span class='ocrx_word' id='word_1_51' title='bbox 958 1092 1102 1184; x_wconf 74' lang='grc' dir='ltr'><em>φύλαξεν</em></span> <span class='ocrx_word' id='word_1_52' title='bbox 1126 1101 1163 1160; x_wconf 92' lang='grc' dir='ltr'><em>Π</em></span> <span class='ocrx_word' id='word_1_53' title='bbox 1176 1101 1245 1164; x_wconf 87' lang='grc'>686.</span> <span class='ocrx_word' id='word_1_54' title='bbox 1260 1137 1300 1149; x_wconf 92' lang='lat'><em>-</em></span> <span class='ocrx_word' id='word_1_55' title='bbox 1315 1093 1352 1162; x_wconf 82' lang='lat' dir='ltr'><strong>Si</strong></span> <span class='ocrx_word' id='word_1_56' title='bbox 1366 1119 1449 1162; x_wconf 88' lang='lat' dir='ltr'><strong>vero</strong></span> 
     </span>
     <span class='ocr_line' id='line_1_8' title="bbox 256 1195 1449 1283; baseline 0 -22"><span class='ocrx_word' id='word_1_57' title='bbox 256 1257 263 1272; x_wconf 82' lang='lat'><strong>,</strong></span> <span class='ocrx_word' id='word_1_58' title='bbox 329 1220 443 1262; x_wconf 87' lang='lat' dir='ltr'><strong>versus</strong></span> <span class='ocrx_word' id='word_1_59' title='bbox 460 1195 620 1262; x_wconf 87' lang='lat' dir='ltr'><strong>vocabulo</strong></span> <span class='ocrx_word' id='word_1_60' title='bbox 631 1197 844 1283; x_wconf 88' lang='lat' dir='ltr'><strong>tetrasyllabo</strong></span> <span class='ocrx_word' id='word_1_61' title='bbox 860 1197 1030 1280; x_wconf 83' lang='lat' dir='ltr'><strong>clauditur,</strong></span> <span class='ocrx_word' id='word_1_62' title='bbox 1053 1200 1161 1264; x_wconf 80' lang='lat' dir='ltr'><strong>ionice</strong></span> <span class='ocrx_word' id='word_1_63' title='bbox 1181 1199 1325 1282; x_wconf 86' lang='lat' dir='ltr'><strong>genetivi</strong></span> <span class='ocrx_word' id='word_1_64' title='bbox 1336 1197 1449 1262; x_wconf 82' lang='lat' dir='ltr'><strong>forma</strong></span> 
     </span>
     <span class='ocr_line' id='line_1_9' title="bbox 272 1282 1458 1383; baseline -0.001 -22"><span class='ocrx_word' id='word_1_65' title='bbox 272 1335 280 1341; x_wconf 84' lang='lat'><em>-</em></span> <span class='ocrx_word' id='word_1_66' title='bbox 329 1299 363 1362; x_wconf 88' lang='lat' dir='ltr'><strong>in</strong></span> <span class='ocrx_word' id='word_1_67' title='bbox 377 1318 420 1360; x_wconf 86' lang='grc' dir='ltr'><strong>εω</strong></span> <span class='ocrx_word' id='word_1_68' title='bbox 436 1305 613 1382; x_wconf 84' lang='lat' dir='ltr'><strong>usurpatur</strong></span> <span class='ocrx_word' id='word_1_69' title='bbox 626 1306 663 1360; x_wconf 90' lang='lat' dir='ltr'><strong>ut</strong></span> <span class='ocrx_word' id='word_1_70' title='bbox 672 1292 895 1382; x_wconf 78' lang='grc' dir='ltr'><em>Λαερτιάδεω</em></span> <span class='ocrx_word' id='word_1_71' title='bbox 915 1289 1075 1383; x_wconf 79' lang='grc' dir='ltr'><strong><em>Ὀδυσῆος</em></strong></span> <span class='ocrx_word' id='word_1_72' title='bbox 1094 1308 1125 1362; x_wconf 89' lang='lat' dir='ltr'><strong>et</strong></span> <span class='ocrx_word' id='word_1_73' title='bbox 1136 1290 1341 1380; x_wconf 77' lang='grc' dir='ltr'><em>Πηληιάδεω</em></span> <span class='ocrx_word' id='word_1_74' title='bbox 1354 1282 1458 1376; x_wconf 63' lang='lat' dir='ltr'><strong>Art-⁸</strong></span> 
     </span>
     <span class='ocr_line' id='line_1_10' title="bbox 329 1388 1448 1484; baseline -0.001 -25"><span class='ocrx_word' id='word_1_75' title='bbox 329 1395 422 1484; x_wconf 79' lang='grc' dir='ltr'><em>λῆος,</em></span> <span class='ocrx_word' id='word_1_76' title='bbox 448 1419 586 1484; x_wconf 92' lang='lat' dir='ltr'><strong>quocum</strong></span> <span class='ocrx_word' id='word_1_77' title='bbox 607 1418 777 1482; x_wconf 83' lang='lat' dir='ltr'><strong>compares</strong></span> <span class='ocrx_word' id='word_1_78' title='bbox 799 1391 1003 1482; x_wconf 80' lang='grc' dir='ltr'><em>Πηληιάδεω</em></span> <span class='ocrx_word' id='word_1_79' title='bbox 1035 1388 1196 1482; x_wconf 76' lang='grc' dir='ltr'><strong><em>ἀφίκοντο</em></strong></span> <span class='ocrx_word' id='word_1_80' title='bbox 1218 1395 1250 1458; x_wconf 84' lang='grc' dir='ltr'><em>Ω</em></span> <span class='ocrx_word' id='word_1_81' title='bbox 1272 1402 1349 1478; x_wconf 87' lang='grc'>431,</span> <span class='ocrx_word' id='word_1_82' title='bbox 1371 1397 1448 1480; x_wconf 89' lang='grc' dir='ltr'><strong>Πη-</strong></span> 
     </span>
     <span class='ocr_line' id='line_1_11' title="bbox 329 1487 1340 1583; baseline 0.006 -25"><span class='ocrx_word' id='word_1_83' title='bbox 329 1491 474 1581; x_wconf 80' lang='grc' dir='ltr'><em>ληιάδεω</em></span> <span class='ocrx_word' id='word_1_84' title='bbox 498 1487 677 1582; x_wconf 80' lang='grc' dir='ltr'><em>ἀφίκωμαι</em></span> <span class='ocrx_word' id='word_1_85' title='bbox 699 1502 775 1570; x_wconf 88' lang='grc'><strong>448;</strong></span> <span class='ocrx_word' id='word_1_86' title='bbox 798 1491 1000 1582; x_wconf 86' lang='grc' dir='ltr'><em>Νηληιάδεω</em></span> <span class='ocrx_word' id='word_1_87' title='bbox 1023 1489 1186 1583; x_wconf 81' lang='grc' dir='ltr'><em>άφίιιὸνιο</em></span> <span class='ocrx_word' id='word_1_88' title='bbox 1207 1498 1247 1559; x_wconf 86' lang='grc' dir='ltr'><em>Λ</em></span> <span class='ocrx_word' id='word_1_89' title='bbox 1268 1502 1340 1572; x_wconf 57' lang='grc'>618,</span> 
     </span>
     <span class='ocr_line' id='line_1_12' title="bbox 412 1595 1446 1684; baseline 0.002 -26"><span class='ocrx_word' id='word_1_90' title='bbox 412 1596 652 1681; x_wconf 88' lang='lat' dir='ltr'><strong>Patronymiois</strong></span> <span class='ocrx_word' id='word_1_91' title='bbox 674 1596 774 1680; x_wconf 88' lang='lat' dir='ltr'><strong>igitur</strong></span> <span class='ocrx_word' id='word_1_92' title='bbox 790 1598 1007 1682; x_wconf 88' lang='lat' dir='ltr'><strong>augmentatis</strong></span> <span class='ocrx_word' id='word_1_93' title='bbox 1028 1597 1123 1684; x_wconf 88' lang='lat' dir='ltr'><strong>hujus</strong></span> <span class='ocrx_word' id='word_1_94' title='bbox 1145 1595 1268 1661; x_wconf 81' lang='lat' dir='ltr'><strong>ordinis</strong></span> <span class='ocrx_word' id='word_1_95' title='bbox 1289 1617 1356 1660; x_wconf 92' lang='lat' dir='ltr'><strong>non</strong></span> <span class='ocrx_word' id='word_1_96' title='bbox 1378 1606 1446 1660; x_wconf 87' lang='lat' dir='ltr'><strong>tam</strong></span> 
     </span>
     <span class='ocr_line' id='line_1_13' title="bbox 331 1693 1446 1784; baseline 0 -24"><span class='ocrx_word' id='word_1_97' title='bbox 331 1694 454 1780; x_wconf 77' lang='lat' dir='ltr'><strong>dactyli</strong></span> <span class='ocrx_word' id='word_1_98' title='bbox 487 1693 580 1784; x_wconf 90' lang='lat' dir='ltr'><strong>pedis</strong></span> <span class='ocrx_word' id='word_1_99' title='bbox 612 1693 785 1780; x_wconf 91' lang='lat' dir='ltr'><strong>supplendi</strong></span> <span class='ocrx_word' id='word_1_100' title='bbox 812 1717 913 1760; x_wconf 89' lang='lat' dir='ltr'><strong>causa</strong></span> <span class='ocrx_word' id='word_1_101' title='bbox 942 1718 1039 1782; x_wconf 85' lang='lat' dir='ltr'><strong>quam</strong></span> <span class='ocrx_word' id='word_1_102' title='bbox 1068 1705 1105 1760; x_wconf 93' lang='lat' dir='ltr'><strong>ut</strong></span> <span class='ocrx_word' id='word_1_103' title='bbox 1132 1717 1246 1760; x_wconf 90' lang='lat' dir='ltr'><strong>versus</strong></span> <span class='ocrx_word' id='word_1_104' title='bbox 1275 1697 1309 1760; x_wconf 92' lang='lat' dir='ltr'><strong>in</strong></span> <span class='ocrx_word' id='word_1_105' title='bbox 1338 1706 1446 1760; x_wconf 89' lang='lat' dir='ltr'><strong>certas</strong></span> 
     </span>
     <span class='ocr_line' id='line_1_14' title="bbox 330 1792 1446 1882; baseline 0.002 -24"><span class='ocrx_word' id='word_1_106' title='bbox 330 1794 490 1882; x_wconf 85' lang='lat' dir='ltr'><strong>quasdam</strong></span> <span class='ocrx_word' id='word_1_107' title='bbox 516 1792 672 1858; x_wconf 87' lang='lat' dir='ltr'><strong>formulas</strong></span> <span class='ocrx_word' id='word_1_108' title='bbox 700 1795 944 1880; x_wconf 81' lang='lat' dir='ltr'><strong>redigerentur,</strong></span> <span class='ocrx_word' id='word_1_109' title='bbox 972 1804 1089 1882; x_wconf 88' lang='lat' dir='ltr'><strong>poetae</strong></span> <span class='ocrx_word' id='word_1_110' title='bbox 1110 1796 1160 1860; x_wconf 90' lang='lat' dir='ltr'><strong>usi</strong></span> <span class='ocrx_word' id='word_1_111' title='bbox 1183 1805 1264 1860; x_wconf 85' lang='lat' dir='ltr'><strong>sunt</strong></span> <span class='ocrx_word' id='word_1_112' title='bbox 1306 1796 1377 1860; x_wconf 89' lang='lat' dir='ltr'><strong>Nec</strong></span> <span class='ocrx_word' id='word_1_113' title='bbox 1398 1806 1446 1860; x_wconf 78' lang='lat' dir='ltr'><strong>te-</strong></span> 
     </span>
     <span class='ocr_line' id='line_1_15' title="bbox 329 1888 1445 1982; baseline -0.003 -24"><span class='ocrx_word' id='word_1_114' title='bbox 329 1917 403 1958; x_wconf 87' lang='lat' dir='ltr'><strong>men</strong></span> <span class='ocrx_word' id='word_1_115' title='bbox 423 1917 441 1958; x_wconf 91' lang='lat' dir='ltr'><strong>e</strong></span> <span class='ocrx_word' id='word_1_116' title='bbox 463 1892 611 1958; x_wconf 77' lang='lat' dir='ltr'><strong>formrdis</strong></span> <span class='ocrx_word' id='word_1_117' title='bbox 628 1896 733 1980; x_wconf 89' lang='lat' dir='ltr'><strong>repeti</strong></span> <span class='ocrx_word' id='word_1_118' title='bbox 753 1904 890 1982; x_wconf 81' lang='lat' dir='ltr'><strong>possunt</strong></span> <span class='ocrx_word' id='word_1_119' title='bbox 906 1888 1164 1980; x_wconf 82' lang='grc' dir='ltr'><em>Μηκιστηιάδης</em></span> <span class='ocrx_word' id='word_1_120' title='bbox 1180 1899 1259 1962; x_wconf 92' lang='grc' dir='ltr'><strong>Ζ28</strong></span> <span class='ocrx_word' id='word_1_121' title='bbox 1283 1905 1315 1960; x_wconf 89' lang='lat' dir='ltr'><strong>et</strong></span> <span class='ocrx_word' id='word_1_122' title='bbox 1336 1893 1445 1980; x_wconf 90' lang='grc' dir='ltr'><em>Νηλη-</em></span> 
     </span>
     <span class='ocr_line' id='line_1_16' title="bbox 330 1987 1450 2082; baseline -0.003 -25"><span class='ocrx_word' id='word_1_123' title='bbox 330 1988 432 2057; x_wconf 88' lang='grc' dir='ltr'><em>ιάδαο</em></span> <span class='ocrx_word' id='word_1_124' title='bbox 459 1995 491 2054; x_wconf 79' lang='grc' dir='ltr'>Ψ</span> <span class='ocrx_word' id='word_1_125' title='bbox 511 1998 586 2067; x_wconf 87' lang='grc'><strong>363;</strong></span> <span class='ocrx_word' id='word_1_126' title='bbox 614 1987 850 2078; x_wconf 82' lang='grc' dir='ltr'><em>Περσηιάδαο,</em></span> <span class='ocrx_word' id='word_1_127' title='bbox 875 1993 963 2082; x_wconf 91' lang='lat' dir='ltr'><strong>quod</strong></span> <span class='ocrx_word' id='word_1_128' title='bbox 988 1994 1107 2080; x_wconf 84' lang='lat' dir='ltr'><strong>legitur</strong></span> <span class='ocrx_word' id='word_1_129' title='bbox 1131 1996 1166 2058; x_wconf 91' lang='lat' dir='ltr'><strong>in</strong></span> <span class='ocrx_word' id='word_1_130' title='bbox 1191 1994 1256 2060; x_wconf 91' lang='lat' dir='ltr'><strong>fine</strong></span> <span class='ocrx_word' id='word_1_131' title='bbox 1277 2017 1394 2060; x_wconf 86' lang='lat' dir='ltr'><strong>versus</strong></span> <span class='ocrx_word' id='word_1_132' title='bbox 1420 1997 1450 2054; x_wconf 86' lang='lat' dir='ltr'><em>T</em></span> 
     </span>
     <span class='ocr_line' id='line_1_17' title="bbox 332 2095 1445 2181; baseline -0.001 -22"><span class='ocrx_word' id='word_1_133' title='bbox 332 2099 400 2176; x_wconf 88' lang='grc'>116,</span> <span class='ocrx_word' id='word_1_134' title='bbox 424 2098 480 2160; x_wconf 89' lang='grc'>123</span> <span class='ocrx_word' id='word_1_135' title='bbox 502 2102 550 2156; x_wconf 89' lang='lat' dir='ltr'><strong>tot</strong></span> <span class='ocrx_word' id='word_1_136' title='bbox 574 2095 876 2180; x_wconf 84' lang='lat' dir='ltr'><strong>patronymicorum</strong></span> <span class='ocrx_word' id='word_1_137' title='bbox 904 2095 1088 2180; x_wconf 85' lang='lat' dir='ltr'><strong>analogiam</strong></span> <span class='ocrx_word' id='word_1_138' title='bbox 1109 2096 1263 2178; x_wconf 90' lang='lat' dir='ltr'><strong>sequitur,</strong></span> <span class='ocrx_word' id='word_1_139' title='bbox 1286 2117 1371 2181; x_wconf 85' lang='lat' dir='ltr'><strong>quae</strong></span> <span class='ocrx_word' id='word_1_140' title='bbox 1392 2116 1445 2180; x_wconf 87' lang='lat' dir='ltr'><strong>ge·</strong></span> 
     </span>
     <span class='ocr_line' id='line_1_18' title="bbox 327 2191 1540 2283; baseline 0.007 -27"><span class='ocrx_word' id='word_1_141' title='bbox 327 2194 436 2258; x_wconf 86' lang='lat' dir='ltr'><strong>netivo</strong></span> <span class='ocrx_word' id='word_1_142' title='bbox 458 2214 538 2256; x_wconf 88' lang='lat' dir='ltr'><strong>casu</strong></span> <span class='ocrx_word' id='word_1_143' title='bbox 559 2214 688 2256; x_wconf 85' lang='lat' dir='ltr'><strong>versum</strong></span> <span class='ocrx_word' id='word_1_144' title='bbox 708 2191 832 2260; x_wconf 81' lang='lat' dir='ltr'><strong>finiunt</strong></span> <span class='ocrx_word' id='word_1_145' title='bbox 1538 2279 1540 2283; x_wconf 19' lang='grc' dir='ltr'>ι</span> 
     </span>
     <span class='ocr_line' id='line_1_19' title="bbox 411 2290 1443 2381; baseline -0.001 -24"><span class='ocrx_word' id='word_1_146' title='bbox 411 2295 440 2373; x_wconf 65' lang='grc' dir='ltr'><strong>ἓ.</strong></span> <span class='ocrx_word' id='word_1_147' title='bbox 462 2296 510 2357; x_wconf 86' lang='grc'>31.</span> <span class='ocrx_word' id='word_1_148' title='bbox 538 2290 614 2354; x_wconf 89' lang='lat' dir='ltr'><strong>Alia</strong></span> <span class='ocrx_word' id='word_1_149' title='bbox 636 2301 732 2378; x_wconf 89' lang='lat' dir='ltr'><strong>atque</strong></span> <span class='ocrx_word' id='word_1_150' title='bbox 754 2293 795 2358; x_wconf 87' lang='lat' dir='ltr'><strong>de</strong></span> <span class='ocrx_word' id='word_1_151' title='bbox 818 2317 882 2381; x_wconf 88' lang='lat' dir='ltr'><strong>qua</strong></span> <span class='ocrx_word' id='word_1_152' title='bbox 903 2293 999 2358; x_wconf 91' lang='lat' dir='ltr'><strong>modo</strong></span> <span class='ocrx_word' id='word_1_153' title='bbox 1023 2292 1232 2358; x_wconf 86' lang='lat' dir='ltr'><strong>disseruimus</strong></span> <span class='ocrx_word' id='word_1_154' title='bbox 1254 2295 1382 2358; x_wconf 85' lang='lat' dir='ltr'><strong>ratione</strong></span> <span class='ocrx_word' id='word_1_155' title='bbox 1403 2315 1443 2356; x_wconf 84' lang='lat' dir='ltr'><strong>ex</strong></span> 
     </span>
    </p>
   </div>
   <div class='ocr_carea' id='block_1_3' title="bbox 327 2381 1560 2479">
    <p class='ocr_par' dir='ltr' id='par_1_3' title="bbox 327 2381 1560 2479">
     <span class='ocr_line' id='line_1_20' title="bbox 327 2381 1560 2479; baseline 0 -24"><span class='ocrx_word' id='word_1_156' title='bbox 327 2385 436 2455; x_wconf 81' lang='grc' dir='ltr'><em>Ὀϊλει</em></span> <span class='ocrx_word' id='word_1_157' title='bbox 451 2390 592 2456; x_wconf 89' lang='lat' dir='ltr'><strong>themate</strong></span> <span class='ocrx_word' id='word_1_158' title='bbox 611 2381 823 2476; x_wconf 84' lang='grc' dir='ltr'><em>Ὀϊλ-ιά-δης</em></span> <span class='ocrx_word' id='word_1_159' title='bbox 843 2393 1103 2478; x_wconf 86' lang='lat' dir='ltr'><strong>patronymicum</strong></span> <span class='ocrx_word' id='word_1_160' title='bbox 1115 2393 1278 2458; x_wconf 87' lang='lat' dir='ltr'><strong>Homerus</strong></span> <span class='ocrx_word' id='word_1_161' title='bbox 1292 2393 1444 2479; x_wconf 75' lang='lat' dir='ltr'><strong>derivare</strong></span> <span class='ocrx_word' id='word_1_162' title='bbox 1559 2397 1560 2408; x_wconf 58' lang='lat'>¹</span> 
     </span>
    </p>
   </div>
   <div class='ocr_carea' id='block_1_4' title="bbox 328 2489 1444 2772">
    <p class='ocr_par' dir='ltr' id='par_1_4' title="bbox 328 2489 1444 2772">
     <span class='ocr_line' id='line_1_21' title="bbox 330 2489 1444 2580; baseline -0.002 -24"><span class='ocrx_word' id='word_1_163' title='bbox 330 2491 426 2574; x_wconf 91' lang='lat' dir='ltr'><strong>solet,</strong></span> <span class='ocrx_word' id='word_1_164' title='bbox 458 2513 478 2554; x_wconf 86' lang='lat' dir='ltr'><strong>a</strong></span> <span class='ocrx_word' id='word_1_165' title='bbox 505 2511 567 2578; x_wconf 91' lang='lat' dir='ltr'><strong>quo</strong></span> <span class='ocrx_word' id='word_1_166' title='bbox 597 2489 685 2554; x_wconf 82' lang='lat' dir='ltr'><strong>haud</strong></span> <span class='ocrx_word' id='word_1_167' title='bbox 713 2493 761 2556; x_wconf 84' lang='lat' dir='ltr'><strong>ita</strong></span> <span class='ocrx_word' id='word_1_168' title='bbox 790 2492 913 2556; x_wconf 84' lang='lat' dir='ltr'><strong>recedit</strong></span> <span class='ocrx_word' id='word_1_169' title='bbox 939 2491 1120 2574; x_wconf 87' lang='lat' dir='ltr'><strong>Pindarus,</strong></span> <span class='ocrx_word' id='word_1_170' title='bbox 1146 2494 1207 2578; x_wconf 49' lang='lat' dir='ltr'><strong>¹qui</strong></span> <span class='ocrx_word' id='word_1_171' title='bbox 1235 2515 1309 2558; x_wconf 90' lang='lat' dir='ltr'><strong>cum</strong></span> <span class='ocrx_word' id='word_1_172' title='bbox 1328 2492 1444 2580; x_wconf 82' lang='lat' dir='ltr'><strong>Ajacis</strong></span> 
     </span>
     <span class='ocr_line' id='line_1_22' title="bbox 328 2581 1444 2676; baseline 0 -20"><span class='ocrx_word' id='word_1_173' title='bbox 328 2592 503 2656; x_wconf 87' lang='lat' dir='ltr'><strong>Locrensis</strong></span> <span class='ocrx_word' id='word_1_174' title='bbox 526 2603 652 2674; x_wconf 87' lang='lat' dir='ltr'><strong>patrem</strong></span> <span class='ocrx_word' id='word_1_175' title='bbox 671 2581 758 2654; x_wconf 84' lang='grc' dir='ltr'><em>Ἰλέα</em></span> <span class='ocrx_word' id='word_1_176' title='bbox 780 2591 835 2668; x_wconf 84' lang='lat' dir='ltr'><strong>(ab</strong></span> <span class='ocrx_word' id='word_1_177' title='bbox 855 2584 973 2670; x_wconf 81' lang='grc' dir='ltr'><em>Ἰλεάς)</em></span> <span class='ocrx_word' id='word_1_178' title='bbox 994 2592 1152 2674; x_wconf 90' lang='lat' dir='ltr'><strong>nominet,</strong></span> <span class='ocrx_word' id='word_1_179' title='bbox 1173 2581 1355 2676; x_wconf 86' lang='grc' dir='ltr'><em>Ἰλ-ιά-δης</em></span> <span class='ocrx_word' id='word_1_180' title='bbox 1376 2594 1444 2658; x_wconf 86' lang='lat' dir='ltr'><strong>for-</strong></span> 
     </span>
     <span class='ocr_line' id='line_1_23' title="bbox 328 2687 671 2772; baseline 0.006 -19"><span class='ocrx_word' id='word_1_181' title='bbox 328 2691 430 2754; x_wconf 72' lang='lat' dir='ltr'><strong>aava</strong></span> <span class='ocrx_word' id='word_1_182' title='bbox 452 2687 514 2768; x_wconf 81' lang='lat'><strong>(01.</strong></span> <span class='ocrx_word' id='word_1_183' title='bbox 537 2695 566 2772; x_wconf 83' lang='lat' dir='ltr'><strong>s,</strong></span> <span class='ocrx_word' id='word_1_184' title='bbox 591 2695 671 2768; x_wconf 75' lang='grc' dir='ltr'><strong>ιω).</strong></span> 
     </span>
    </p>
   </div>
   <div class='ocr_carea' id='block_1_5' title="bbox 410 2781 1560 2879">
    <p class='ocr_par' dir='ltr' id='par_1_5' title="bbox 410 2781 1560 2879">
     <span class='ocr_line' id='line_1_24' title="bbox 410 2781 1560 2879; baseline 0.009 -27"><span class='ocrx_word' id='word_1_185' title='bbox 410 2789 519 2876; x_wconf 91' lang='lat' dir='ltr'><strong>Atque</strong></span> <span class='ocrx_word' id='word_1_186' title='bbox 535 2789 648 2854; x_wconf 92' lang='lat' dir='ltr'><strong>eodem</strong></span> <span class='ocrx_word' id='word_1_187' title='bbox 660 2789 756 2856; x_wconf 91' lang='lat' dir='ltr'><strong>modo</strong></span> <span class='ocrx_word' id='word_1_188' title='bbox 777 2791 865 2856; x_wconf 84' lang='lat' dir='ltr'><strong>facta</strong></span> <span class='ocrx_word' id='word_1_189' title='bbox 886 2800 960 2855; x_wconf 91' lang='lat' dir='ltr'><strong>sunt</strong></span> <span class='ocrx_word' id='word_1_190' title='bbox 981 2791 1062 2858; x_wconf 82' lang='lat' dir='ltr'><strong>haec</strong></span> <span class='ocrx_word' id='word_1_191' title='bbox 1083 2795 1323 2879; x_wconf 81' lang='lat' dir='ltr'><strong>patronymica:</strong></span> <span class='ocrx_word' id='word_1_192' title='bbox 1345 2785 1464 2861; x_wconf 55' lang='lat' dir='ltr'><strong>[Alos</strong></span> <span class='ocrx_word' id='word_1_193' title='bbox 1559 2781 1560 2862; x_wconf 62' lang='lat' dir='ltr'>J</span> 
     </span>
    </p>
   </div>
   <div class='ocr_carea' id='block_1_6' title="bbox 305 2881 1443 3278">
    <p class='ocr_par' dir='ltr' id='par_1_6' title="bbox 305 2881 1443 3278">
     <span class='ocr_line' id='line_1_25' title="bbox 305 2881 1443 2978; baseline 0.004 -29"><span class='ocrx_word' id='word_1_194' title='bbox 305 2893 307 2897; x_wconf 83' lang='lat'>&#39;</span> <span class='ocrx_word' id='word_1_195' title='bbox 329 2881 444 2950; x_wconf 90' lang='grc' dir='ltr'><em>ιά-δαι</em></span> <span class='ocrx_word' id='word_1_196' title='bbox 465 2888 528 2974; x_wconf 89' lang='lat' dir='ltr'><strong>Ap.</strong></span> <span class='ocrx_word' id='word_1_197' title='bbox 550 2888 610 2953; x_wconf 90' lang='lat' dir='ltr'><strong>Rh.</strong></span> <span class='ocrx_word' id='word_1_198' title='bbox 632 2912 653 2951; x_wconf 86' lang='grc' dir='ltr'><em>α</em></span> <span class='ocrx_word' id='word_1_199' title='bbox 671 2895 741 2973; x_wconf 91' lang='grc'>482,</span> <span class='ocrx_word' id='word_1_200' title='bbox 754 2896 813 2958; x_wconf 88' lang='grc'><strong>489</strong></span> <span class='ocrx_word' id='word_1_201' title='bbox 835 2890 947 2966; x_wconf 90' lang='lat' dir='ltr'><strong>(Diod.</strong></span> <span class='ocrx_word' id='word_1_202' title='bbox 963 2891 1026 2957; x_wconf 85' lang='lat' dir='ltr'><strong>Sic.</strong></span> <span class='ocrx_word' id='word_1_203' title='bbox 1048 2901 1078 2975; x_wconf 80' lang='lat'><strong>4,</strong></span> <span class='ocrx_word' id='word_1_204' title='bbox 1102 2899 1140 2962; x_wconf 86' lang='lat'><strong>85</strong></span> <span class='ocrx_word' id='word_1_205' title='bbox 1163 2891 1298 2978; x_wconf 84' lang='lat' dir='ltr'><strong>praebet</strong></span> <span class='ocrx_word' id='word_1_206' title='bbox 1316 2883 1443 2976; x_wconf 81' lang='grc' dir='ltr'><em>Ἀλῳά-</em></span> 
     </span>
     <span class='ocr_line' id='line_1_26' title="bbox 329 2983 1443 3077; baseline 0.01 -27"><span class='ocrx_word' id='word_1_207' title='bbox 329 2987 403 3063; x_wconf 71' lang='grc' dir='ltr'><em>δαις</em></span> <span class='ocrx_word' id='word_1_208' title='bbox 428 2987 546 3075; x_wconf 92' lang='lat' dir='ltr'><strong>reliqui</strong></span> <span class='ocrx_word' id='word_1_209' title='bbox 567 3011 686 3074; x_wconf 89' lang='lat' dir='ltr'><strong>prosae</strong></span> <span class='ocrx_word' id='word_1_210' title='bbox 709 2991 865 3056; x_wconf 85' lang='lat' dir='ltr'><strong>orationis</strong></span> <span class='ocrx_word' id='word_1_211' title='bbox 888 2993 1062 3077; x_wconf 76' lang='lat' dir='ltr'><strong>scriptores</strong></span> <span class='ocrx_word' id='word_1_212' title='bbox 1080 2983 1275 3068; x_wconf 81' lang='grc' dir='ltr'><strong>Ἀλωάδαι,</strong></span> <span class='ocrx_word' id='word_1_213' title='bbox 1301 3015 1314 3054; x_wconf 88' lang='grc' dir='ltr'><em>ι</em></span> <span class='ocrx_word' id='word_1_214' title='bbox 1335 2991 1443 3060; x_wconf 78' lang='lat' dir='ltr'><strong>vocali</strong></span> 
     </span>
     <span class='ocr_line' id='line_1_27' title="bbox 328 3078 1443 3178; baseline 0.004 -27"><span class='ocrx_word' id='word_1_215' title='bbox 328 3087 420 3166; x_wconf 90' lang='lat' dir='ltr'><strong>elisa)</strong></span> <span class='ocrx_word' id='word_1_216' title='bbox 443 3085 485 3152; x_wconf 86' lang='lat' dir='ltr'><strong>ab</strong></span> <span class='ocrx_word' id='word_1_217' title='bbox 504 3078 647 3164; x_wconf 84' lang='grc' dir='ltr'><em>Ἀλωεάς</em></span> <span class='ocrx_word' id='word_1_218' title='bbox 665 3088 822 3166; x_wconf 83' lang='lat' dir='ltr'><strong>themate3</strong></span> <span class='ocrx_word' id='word_1_219' title='bbox 845 3084 1070 3178; x_wconf 83' lang='grc' dir='ltr'><em>Νηλ-ιά-δης,</em></span> <span class='ocrx_word' id='word_1_220' title='bbox 1092 3091 1179 3178; x_wconf 92' lang='lat' dir='ltr'><strong>quod</strong></span> <span class='ocrx_word' id='word_1_221' title='bbox 1201 3115 1273 3156; x_wconf 91' lang='lat' dir='ltr'><strong>cum</strong></span> <span class='ocrx_word' id='word_1_222' title='bbox 1284 3093 1443 3158; x_wconf 87' lang='lat' dir='ltr'><strong>Passovio</strong></span> 
     </span>
     <span class='ocr_line' id='line_1_28' title="bbox 328 3187 1441 3278; baseline 0.002 -26"><span class='ocrx_word' id='word_1_223' title='bbox 328 3187 416 3275; x_wconf 85' lang='lat' dir='ltr'><strong>apud</strong></span> <span class='ocrx_word' id='word_1_224' title='bbox 435 3187 530 3253; x_wconf 88' lang='lat' dir='ltr'><strong>Alex.</strong></span> <span class='ocrx_word' id='word_1_225' title='bbox 557 3187 629 3252; x_wconf 89' lang='lat' dir='ltr'><strong>Aet.</strong></span> <span class='ocrx_word' id='word_1_226' title='bbox 654 3195 680 3272; x_wconf 87' lang='lat'><strong>1,</strong></span> <span class='ocrx_word' id='word_1_227' title='bbox 703 3194 742 3256; x_wconf 83' lang='lat'><strong>26</strong></span> <span class='ocrx_word' id='word_1_228' title='bbox 764 3191 798 3252; x_wconf 95' lang='lat' dir='ltr'><strong>in</strong></span> <span class='ocrx_word' id='word_1_229' title='bbox 819 3189 971 3254; x_wconf 86' lang='lat' dir='ltr'><strong>Parthen.</strong></span> <span class='ocrx_word' id='word_1_230' title='bbox 993 3191 1083 3256; x_wconf 85' lang='lat' dir='ltr'><strong>Erot</strong></span> <span class='ocrx_word' id='word_1_231' title='bbox 1106 3198 1145 3256; x_wconf 93' lang='grc'>14</span> <span class='ocrx_word' id='word_1_232' title='bbox 1171 3191 1280 3267; x_wconf 88' lang='lat' dir='ltr'><strong>(Anth.</strong></span> <span class='ocrx_word' id='word_1_233' title='bbox 1301 3215 1351 3276; x_wconf 85' lang='lat' dir='ltr'><strong>gr.</strong></span> <span class='ocrx_word' id='word_1_234' title='bbox 1373 3193 1389 3256; x_wconf 94' lang='lat' dir='ltr'><strong>l</strong></span> <span class='ocrx_word' id='word_1_235' title='bbox 1411 3215 1441 3278; x_wconf 90' lang='lat' dir='ltr'><strong>p.</strong></span> 
     </span>
    </p>
   </div>
   <div class='ocr_carea' id='block_1_7' title="bbox 135 3281 1560 3375">
    <p class='ocr_par' dir='ltr' id='par_1_7' title="bbox 135 3281 1560 3375">
     <span class='ocr_line' id='line_1_29' title="bbox 135 3281 1560 3375; baseline -0.001 -21"><span class='ocrx_word' id='word_1_236' title='bbox 135 3283 138 3296; x_wconf 78' lang='grc'><em>’</em></span> <span class='ocrx_word' id='word_1_237' title='bbox 269 3293 400 3368; x_wconf 75' lang='grc'>208)</span> <span class='ocrx_word' id='word_1_238' title='bbox 418 3311 478 3374; x_wconf 92' lang='lat' dir='ltr'><strong>pro</strong></span> <span class='ocrx_word' id='word_1_239' title='bbox 501 3281 691 3352; x_wconf 84' lang='grc' dir='ltr'><em>Νειλιάδαο</em></span> <span class='ocrx_word' id='word_1_240' title='bbox 711 3287 946 3354; x_wconf 88' lang='lat' dir='ltr'><strong>restituendum</strong></span> <span class='ocrx_word' id='word_1_241' title='bbox 958 3311 1029 3354; x_wconf 90' lang='lat' dir='ltr'><strong>esse</strong></span> <span class='ocrx_word' id='word_1_242' title='bbox 1042 3291 1177 3356; x_wconf 87' lang='lat' dir='ltr'><strong>videtur.</strong></span> <span class='ocrx_word' id='word_1_243' title='bbox 1209 3291 1345 3375; x_wconf 87' lang='lat' dir='ltr'><strong>Legitur</strong></span> <span class='ocrx_word' id='word_1_244' title='bbox 1357 3293 1441 3356; x_wconf 89' lang='lat' dir='ltr'><strong>enirn</strong></span> <span class='ocrx_word' id='word_1_245' title='bbox 1559 3307 1560 3314; x_wconf 56' lang='lat'>¹</span> 
     </span>
    </p>
   </div>
   <div class='ocr_carea' id='block_1_8' title="bbox 327 3387 1183 3572">
    <p class='ocr_par' dir='ltr' id='par_1_8' title="bbox 327 3387 1183 3572">
     <span class='ocr_line' id='line_1_30' title="bbox 327 3387 616 3474; baseline 0.003 -24"><span class='ocrx_word' id='word_1_246' title='bbox 327 3387 380 3451; x_wconf 89' lang='lat' dir='ltr'><strong>hie</strong></span> <span class='ocrx_word' id='word_1_247' title='bbox 402 3396 616 3474; x_wconf 87' lang='lat' dir='ltr'><strong>pentameter:</strong></span> 
     </span>
     <span class='ocr_line' id='line_1_31' title="bbox 495 3473 1183 3572; baseline 0.006 -24"><span class='ocrx_word' id='word_1_248' title='bbox 495 3473 560 3548; x_wconf 79' lang='grc' dir='ltr'><strong>ὦδε</strong></span> <span class='ocrx_word' id='word_1_249' title='bbox 580 3480 681 3572; x_wconf 82' lang='grc' dir='ltr'><strong>μὲνὴ</strong></span> <span class='ocrx_word' id='word_1_250' title='bbox 709 3480 836 3568; x_wconf 77' lang='grc' dir='ltr'><em>Φαβίου</em></span> <span class='ocrx_word' id='word_1_251' title='bbox 860 3481 1049 3554; x_wconf 80' lang='grc' dir='ltr'><em>Νειλιάδαο</em></span> <span class='ocrx_word' id='word_1_252' title='bbox 1073 3483 1183 3572; x_wconf 84' lang='grc' dir='ltr'><em>δάμαρ</em></span> 
     </span>
    </p>
   </div>
   <div class='ocr_carea' id='block_1_9' title="bbox 326 3573 1560 3874">
    <p class='ocr_par' dir='ltr' id='par_1_9' title="bbox 326 3573 1560 3874">
     <span class='ocr_line' id='line_1_32' title="bbox 406 3573 717 3672; baseline -0.003 -23"><span class='ocrx_word' id='word_1_253' title='bbox 406 3573 563 3672; x_wconf 50' lang='grc' dir='ltr'><em>’φθέγξατ’</em></span> <span class='ocrx_word' id='word_1_254' title='bbox 588 3609 618 3648; x_wconf 85' lang='grc' dir='ltr'><strong>ιι.</strong></span> <span class='ocrx_word' id='word_1_255' title='bbox 638 3608 665 3648; x_wconf 83' lang='grc' dir='ltr'><strong>ι.</strong></span> <span class='ocrx_word' id='word_1_256' title='bbox 688 3583 717 3648; x_wconf 92' lang='grc' dir='ltr'><strong>λ.</strong></span> 
     </span>
     <span class='ocr_line' id='line_1_33' title="bbox 326 3684 1560 3776; baseline 0 -26"><span class='ocrx_word' id='word_1_257' title='bbox 326 3686 376 3750; x_wconf 88' lang='lat' dir='ltr'><strong>Ac</strong></span> <span class='ocrx_word' id='word_1_258' title='bbox 407 3685 595 3752; x_wconf 85' lang='lat' dir='ltr'><strong>Brunekius</strong></span> <span class='ocrx_word' id='word_1_259' title='bbox 630 3685 761 3770; x_wconf 89' lang='lat' dir='ltr'><strong>quidem</strong></span> <span class='ocrx_word' id='word_1_260' title='bbox 792 3688 935 3752; x_wconf 85' lang='lat' dir='ltr'><strong>correxit</strong></span> <span class='ocrx_word' id='word_1_261' title='bbox 966 3684 1153 3773; x_wconf 80' lang='grc' dir='ltr'><em>Νηλεΐδαο,</em></span> <span class='ocrx_word' id='word_1_262' title='bbox 1187 3689 1273 3776; x_wconf 90' lang='lat' dir='ltr'><strong>quod</strong></span> <span class='ocrx_word' id='word_1_263' title='bbox 1308 3688 1438 3754; x_wconf 86' lang='lat' dir='ltr'><strong>Schnei-</strong></span> <span class='ocrx_word' id='word_1_264' title='bbox 1559 3713 1560 3722; x_wconf 50' lang='lat'>¹</span> 
     </span>
     <span class='ocr_line' id='line_1_34' title="bbox 328 3785 1440 3874; baseline 0 -24"><span class='ocrx_word' id='word_1_265' title='bbox 328 3786 472 3856; x_wconf 84' lang='lat' dir='ltr'><strong>dewinus</strong></span> <span class='ocrx_word' id='word_1_266' title='bbox 494 3786 568 3863; x_wconf 92' lang='lat' dir='ltr'><strong>(del.</strong></span> <span class='ocrx_word' id='word_1_267' title='bbox 587 3785 610 3850; x_wconf 92' lang='lat'><strong>1.</strong></span> <span class='ocrx_word' id='word_1_268' title='bbox 627 3808 657 3872; x_wconf 93' lang='lat' dir='ltr'><strong>p.</strong></span> <span class='ocrx_word' id='word_1_269' title='bbox 684 3791 753 3864; x_wconf 83' lang='grc'>162)</span> <span class='ocrx_word' id='word_1_270' title='bbox 775 3787 907 3872; x_wconf 86' lang='lat' dir='ltr'><strong>recepit</strong></span> <span class='ocrx_word' id='word_1_271' title='bbox 950 3785 1016 3852; x_wconf 84' lang='lat' dir='ltr'><strong>Sed</strong></span> <span class='ocrx_word' id='word_1_272' title='bbox 1038 3809 1110 3852; x_wconf 89' lang='lat' dir='ltr'><strong>cum</strong></span> <span class='ocrx_word' id='word_1_273' title='bbox 1135 3787 1440 3874; x_wconf 67' lang='lat' dir='ltr'><strong>apud¹Alexandri</strong></span> 
     </span>
    </p>
   </div>
   <div class='ocr_carea' id='block_1_10' title="bbox 327 3882 1560 3974">
    <p class='ocr_par' dir='ltr' id='par_1_10' title="bbox 327 3882 1560 3974">
     <span class='ocr_line' id='line_1_35' title="bbox 327 3882 1560 3974; baseline 0.002 -24"><span class='ocrx_word' id='word_1_274' title='bbox 327 3909 387 3951; x_wconf 91' lang='lat' dir='ltr'><strong>nos</strong></span> <span class='ocrx_word' id='word_1_275' title='bbox 410 3895 522 3972; x_wconf 84' lang='lat' dir='ltr'><strong>poetas</strong></span> <span class='ocrx_word' id='word_1_276' title='bbox 545 3884 723 3971; x_wconf 88' lang='lat' dir='ltr'><strong>dactylicos</strong></span> <span class='ocrx_word' id='word_1_277' title='bbox 746 3882 834 3949; x_wconf 89' lang='lat' dir='ltr'><strong>aliud</strong></span> <span class='ocrx_word' id='word_1_278' title='bbox 862 3887 931 3974; x_wconf 89' lang='lat' dir='ltr'><strong>ejus</strong></span> <span class='ocrx_word' id='word_1_279' title='bbox 955 3886 1158 3952; x_wconf 87' lang='lat' dir='ltr'><strong>formationis</strong></span> <span class='ocrx_word' id='word_1_280' title='bbox 1181 3889 1439 3974; x_wconf 89' lang='lat' dir='ltr'><strong>patronymicum</strong></span> <span class='ocrx_word' id='word_1_281' title='bbox 1559 3939 1560 3942; x_wconf 15' lang='grc' dir='ltr'>η</span> 
     </span>
    </p>
   </div>
   <div class='ocr_carea' id='block_1_11' title="bbox 327 3983 1439 4072">
    <p class='ocr_par' dir='ltr' id='par_1_11' title="bbox 327 3983 1439 4072">
     <span class='ocr_line' id='line_1_36' title="bbox 327 3983 1439 4072; baseline -0.001 -23"><span class='ocrx_word' id='word_1_282' title='bbox 327 4008 392 4049; x_wconf 92' lang='lat' dir='ltr'><strong>non</strong></span> <span class='ocrx_word' id='word_1_283' title='bbox 415 3995 534 4067; x_wconf 85' lang='lat' dir='ltr'><strong>exstet,</strong></span> <span class='ocrx_word' id='word_1_284' title='bbox 564 3986 598 4048; x_wconf 92' lang='lat' dir='ltr'><strong>in</strong></span> <span class='ocrx_word' id='word_1_285' title='bbox 627 4008 690 4072; x_wconf 93' lang='lat' dir='ltr'><strong>quo</strong></span> <span class='ocrx_word' id='word_1_286' title='bbox 713 4005 740 4045; x_wconf 83' lang='grc' dir='ltr'><strong>ει</strong></span> <span class='ocrx_word' id='word_1_287' title='bbox 773 3984 900 4070; x_wconf 87' lang='lat' dir='ltr'><strong>syllaba</strong></span> <span class='ocrx_word' id='word_1_288' title='bbox 927 4008 985 4072; x_wconf 88' lang='lat' dir='ltr'><strong>per</strong></span> <span class='ocrx_word' id='word_1_289' title='bbox 1008 3985 1171 4052; x_wconf 87' lang='lat' dir='ltr'><strong>diaeresin</strong></span> <span class='ocrx_word' id='word_1_290' title='bbox 1191 3986 1332 4072; x_wconf 84' lang='lat' dir='ltr'><strong>legatur,</strong></span> <span class='ocrx_word' id='word_1_291' title='bbox 1353 3983 1439 4050; x_wconf 87' lang='lat' dir='ltr'><strong>haud</strong></span> 
     </span>
    </p>
   </div>
   <div class='ocr_carea' id='block_1_12' title="bbox 329 4079 1439 4174">
    <p class='ocr_par' dir='ltr' id='par_1_12' title="bbox 329 4079 1560 4174">
     <span class='ocr_line' id='line_1_37' title="bbox 329 4079 1439 4174; baseline -0.006 -20"><span class='ocrx_word' id='word_1_292' title='bbox 329 4085 395 4154; x_wconf 77' lang='lat' dir='ltr'><strong>scio</strong></span> <span class='ocrx_word' id='word_1_293' title='bbox 417 4107 459 4148; x_wconf 85' lang='lat' dir='ltr'><strong>an</strong></span> <span class='ocrx_word' id='word_1_294' title='bbox 488 4107 560 4149; x_wconf 88' lang='lat' dir='ltr'><strong>curn</strong></span> <span class='ocrx_word' id='word_1_295' title='bbox 582 4085 740 4150; x_wconf 88' lang='lat' dir='ltr'><strong>Passovio</strong></span> <span class='ocrx_word' id='word_1_296' title='bbox 762 4079 940 4166; x_wconf 87' lang='grc' dir='ltr'><em>Νηλιάδαα</em></span> <span class='ocrx_word' id='word_1_297' title='bbox 970 4084 1176 4152; x_wconf 84' lang='lat' dir='ltr'><strong>scribendum</strong></span> <span class='ocrx_word' id='word_1_298' title='bbox 1204 4087 1262 4170; x_wconf 87' lang='lat' dir='ltr'><strong>sit,</strong></span> <span class='ocrx_word' id='word_1_299' title='bbox 1290 4083 1377 4174; x_wconf 87' lang='lat' dir='ltr'><strong>quod</strong></span> <span class='ocrx_word' id='word_1_300' title='bbox 1398 4081 1439 4149; x_wconf 82' lang='lat' dir='ltr'><strong>ad</strong></span> 
     </span>
    </p>
   </div>
   <div class='ocr_carea' id='block_1_13' title="bbox 0 0 1578 4958">
    <p class='ocr_par' dir='ltr' id='par_1_13' title="bbox 0 0 1578 4958">
     <span class='ocr_line' id='line_1_38' title="bbox 0 0 1578 4958; baseline 0 0"><span class='ocrx_word' id='word_1_301' title='bbox 0 0 1578 4958; x_wconf 95' lang='lat' dir='ltr'><strong> </strong></span> 
     </span>
    </p>
   </div>
  </div>
 </body>
</html>
