3056 4968
764 463 969 556 -.AQ-

310 666 451 710 errorem
472 639 632 706 inciderit.
675 640 757 704 Nam
779 638 836 706 illo
856 640 929 706 loco
950 640 1101 705 Plautino
1123 639 1234 716 (Truc.
1256 639 1299 721 H,
1325 645 1351 718 l,
1370 643 1417 704 63.
1517 657 1518 700 3

309 749 361 820 64)
378 763 441 826 quo
463 762 527 804 uno
545 738 678 804 verbum
696 744 795 802 uicere
816 738 945 824 legitur,
960 740 1137 827 perfectum
1153 747 1346 825 usurpatum
1362 745 1417 800 est.

311 841 375 905 Sed
398 863 469 903 cum
491 849 638 924 tempora
659 839 805 924 perfecta
824 837 971 903 vocalem
992 839 1174 926 producere
1198 836 1338 917 soleant,
1366 859 1419 900 ne-

310 963 400 1004 cesse
421 960 486 1003 non
504 947 562 1018 est,
577 938 701 1022 opinor,
724 959 879 1024 praesens
895 960 1021 1024 quoque
1041 936 1185 1003 scribere
1202 959 1276 1000 cum
1288 934 1387 1020 longa
1400 942 1419 998 i.

311 1039 403 1118 Quae
433 1059 506 1102 eum
534 1037 581 1100 ita
612 1037 676 1100 sint
706 1059 827 1121 negare
859 1059 925 1102 non
957 1035 1111 1102 debemus
1145 1035 1292 1102 vocalem
1314 1043 1325 1098 i
1350 1057 1421 1122 pro

310 1137 440 1202 ductam
462 1157 533 1203 ense
557 1144 729 1222 postquam
748 1159 768 1215 9
790 1144 865 1200 ante
886 1161 904 1197 o
926 1138 1048 1202 omissa
1069 1144 1163 1201 esset.

370 1235 479 1300 Etiam
501 1236 535 1300 in
555 1239 658 1310 mavia,
679 1240 800 1309 mavult,
822 1240 961 1298 mavultis
982 1235 1081 1321 longa
1096 1235 1219 1301 vocalis
1235 1259 1255 1298 a
1269 1255 1424 1299 mensura

309 1335 425 1398 effecta
446 1343 495 1398 est
517 1355 577 1420 per
599 1333 765 1398 elisionem
787 1335 973 1419 gutturalis3
1003 1344 1130 1399 constat
1157 1336 1243 1398 enim
1268 1334 1332 1402 hoc
1352 1355 1424 1398 ver-

312 1433 388 1498 bum
413 1441 612 1497 contractum
634 1454 705 1496 esse
735 1455 777 1496 ex
805 1435 980 1513 *aetyopis
1001 1435 1196 1514 *mc39(e)oult
1217 1442 1278 1498 cet.
1320 1431 1426 1519 quue

312 1532 493 1598 Corssenus
511 1553 638 1616 quoque
653 1532 812 1618 statuitp.
827 1539 902 1600 640:
921 1535 1012 1597 cuius
1027 1535 1145 1597 mirere
1159 1533 1426 1613 inconstantiam,

311 1632 431 1716 quippe
457 1631 511 1714 qui
540 1628 644 1694 denuo
666 1654 698 1716 p.
721 1637 781 1698 653
810 1632 980 1716 negaverit
1001 1656 1020 1712 y
1043 1642 1118 1696 ante
1138 1657 1156 1694 v
1183 1631 1322 1718 periisse
1352 1653 1429 1697 oum
1520 1687 1521 1710 ,

310 1729 523 1816 productione
545 1729 753 1815 suppletoria.

372 1851 430 1889 uva
459 1827 546 1911 quod
576 1851 596 1892 a
624 1827 737 1894 Curtio
771 1829 872 1905 (elem.
901 1839 996 1914 etym
1025 1851 1056 1916 p.
1083 1835 1136 1895 171
1173 1853 1205 1894 n.
1236 1835 1306 1906 159)
1337 1829 1428 1894 haud

312 1925 410 2006 dubie
435 1937 522 1990 recte
549 1949 622 1992 cum
642 1927 705 1992 Lit.
723 1921 783 2009 tipo
803 1928 907 1992 Beere
934 1930 1148 2014 compositum
1173 1941 1224 1994 est
1252 1929 1299 1993 ita
1328 1938 1365 1993 ut
1387 1952 1428 1994 ex

312 2025 412 2104 *upon
445 2036 592 2091 exortum
627 2028 678 2092 sit.
727 2026 763 2092 Si
801 2028 873 2112 quis
907 2030 1047 2114 primam
1079 2015 1217 2093 formam
1255 2049 1322 2093 non
1357 2049 1429 2092 esse

313 2123 414 2204 *sipon
444 2124 501 2190 sed
523 2130 622 2206 *aqva
650 2133 758 2213 putet,
789 2128 818 2191 is
847 2149 910 2214 quo
938 2149 973 2191 se
999 2127 1128 2192 nomine
1151 2135 1272 2192 tutetur
1300 2129 1428 2192 neseio:

313 2247 388 2290 nam
416 2225 451 2288 in
479 2223 629 2289 omnibus
658 2225 769 2290 verbis
800 2227 979 2310 congenitis
1004 2249 1027 2290 u
1044 2224 1097 2290 vel
1115 2249 1138 2290 v
1158 2224 1268 2291 brevis
1293 2237 1359 2308 est,
1388 2226 1428 2290 cf.

313 2314 408 2408 ὑγιής
430 2329 469 2402 (ν
483 2351 506 2378 υ
518 2330 562 2402 -).

374 2446 475 2502 uvae,
508 2423 595 2510 quod
617 2421 797 2490 Gorssenus
827 2424 898 2510 ipse
920 2421 1037 2508 (symb.
1061 2421 1130 2487 erit.
1159 2445 1190 2509 p.
1213 2427 1265 2500 57)
1293 2435 1427 2488 auctore
1522 2482 1523 2502 ,

313 2522 425 2588 Curtio
456 2523 579 2588 factum
606 2545 677 2586 esse
705 2545 747 2587 ex
768 2523 896 2603 *apem
919 2520 1089 2609 probavit3
1119 2523 1155 2586 in
1182 2521 1312 2587 Graeco
1342 2524 1426 2586 enim

311 2615 423 2702 ὑγρός,
449 2624 502 2686 cui
524 2631 731 2708 comparatur
749 2621 818 2686 Sor.
840 2626 937 2684 ulcslr
949 2620 1156 2707 besprengen
1174 2622 1282 2707 prima
1298 2621 1428 2707 syllaba

313 2719 424 2784 brevis
447 2730 504 2803 est,
527 2731 561 2786 at
581 2722 616 2786 in
635 2721 755 2785 Latina
775 2720 888 2806 lingua
909 2731 997 2784 avere
1017 2721 1175 2806 producte
1196 2720 1325 2787 dicitur.

372 2819 445 2884 Hoc
466 2821 567 2904 igitur
589 2828 732 2895 constat,
763 2842 835 2884 eam
856 2843 1004 2885 normam
1025 2843 1123 2907 quam
1144 2818 1327 2890 Gerasenus
1348 2843 1425 2907 pro·

311 2919 428 3003 posuit,
450 2941 515 2983 non
536 2920 635 2984 fuisse
657 2929 867 3002 constantem,
890 2919 947 2985 sed
970 2921 1005 2984 in
1019 2919 1167 3006 plurimis
1186 2941 1259 2983 eam
1273 2919 1426 3000 valuisse,

311 3019 345 3080 in
368 3017 563 3104 quibusdam
584 3041 649 3084 non
670 3019 827 3084 valuisse:
854 3021 957 3084 eiecta
976 3043 997 3099 9
1017 3017 1174 3104 gutturali
1195 3028 1269 3082 ante
1290 3043 1310 3080 v
1331 3041 1425 3084 voca·

310 3114 351 3178 lis
371 3117 570 3202 praecedens
593 3127 649 3182 aut
670 3117 862 3203 relinquitur
883 3120 1007 3182 intacta
1026 3127 1082 3182 aut
1102 3117 1300 3204 producitur.

820 3285 848 3364 ἕ.
872 3289 920 3352 35.

372 3415 444 3478 Iam
462 3415 502 3480 de
518 3417 559 3480 iis
575 3414 743 3480 vocabulis
760 3423 810 3479 est
820 3414 1006 3498 videndum,
1021 3437 1157 3503 quorum
1175 3417 1215 3480 in
1234 3417 1423 3480 termina·

311 3514 495 3579 tionibus
517 3536 660 3578 consona
681 3517 821 3580 evanuit.
852 3514 1103 3580 Consideremus
1125 3525 1232 3579 autem
1251 3513 1335 3578 tales
1356 3523 1423 3578 tan·

312 3623 380 3678 tum
403 3613 547 3699 syllabas
569 3612 697 3695 finales,
727 3614 839 3700 quales
864 3613 1114 3680 consonantibus
1137 3614 1331 3678 terminatae
1351 3616 1421 3693 sint,

312 3735 387 3778 nam
409 3712 579 3798 productio
602 3713 801 3798 suppletoria
830 3716 864 3777 in
885 3715 925 3778 iis
944 3713 1082 3777 Latinae
1102 3713 1234 3798 linguae
1255 3711 1421 3778 vocabulis

314 3813 411 3876 statui
432 3835 497 3877 non
518 3820 644 3898 potest,
664 3811 721 3876 ubi
742 3812 881 3895 vocalis,
903 3835 1045 3878 consona
1065 3811 1208 3886 abiecta,
1230 3814 1266 3876 in
1285 3811 1350 3876 fine
1368 3834 1419 3898 po-

314 3912 376 3975 sita
399 3920 538 3997 apparet
557 3911 647 3976 velut
667 3933 694 3976 e.
713 3934 743 3998 g.
766 3913 801 3976 in
822 3911 952 3978 Sanscr.
973 3911 1085 3998 lingua
1101 3916 1169 3994 pita
1190 3934 1251 3999 pro
1270 3916 1382 3993 pltare.

375 4010 553 4096 Postquam
575 4012 785 4095 cognovimus
806 4009 921 4076 modiis
943 4033 1069 4096 quoque
1095 4013 1129 4075 in
1153 4011 1289 4076 vocibus
1308 4003 1419 4096 ¹saepe·

313 4131 445 4174 numero
477 4109 625 4176 vocalem
659 4131 724 4176 non
751 4110 946 4198 productam
972 4132 1059 4193 esse,
1095 4111 1155 4176 etsi
1183 4110 1323 4176 duarum
1351 4131 1417 4175 con·
