3070 4962
671 427 987 528 ’,ι-38-

322 607 468 674 tidianae
490 633 585 678 usum
607 623 741 701 recepta
762 629 846 699 eret,
871 616 928 682 sed
950 625 1075 682 tantum
1097 637 1180 704 puro
1202 615 1353 684 lonismo.
1383 605 1451 704 Op'-
1532 673 1533 710 ,

322 709 434 774 timam
454 709 641 798 analogiam
662 713 799 800 praebet
820 717 988 784 comoedia
1011 717 1131 782 Attica.
1152 743 1201 762 ·—
1216 714 1331 782 Paullo
1348 715 1451 782 aliam
1532 711 1533 756 t

321 909 489 995 propriam
509 921 660 978 naturam
690 914 919 1002 ingeniumque
940 917 1147 1002 respicimus,
1174 913 1317 980 medium
1347 937 1450 1004 quen·

322 1007 397 1074 dam
424 1009 529 1076 locum
559 1020 670 1076 tenent
696 1014 780 1078 inter
802 1014 910 1100 elegos
934 1024 966 1080 et
985 1013 1121 1080 iambos.
1165 1013 1328 1080 Trochaei
1349 1015 1449 1096 enim,

321 1108 494 1197 inquibus
516 1110 558 1176 ab
578 1113 645 1176 arsi
667 1111 711 1176 ad
729 1113 834 1178 thesin
848 1113 1065 1197 descenditur,
1088 1137 1154 1180 non
1175 1113 1235 1180 tali
1259 1136 1322 1201 quo
1345 1113 1450 1180 iambi

256 1220 258 1224 ’
320 1207 444 1295 impetu
478 1210 648 1277 incedunt:
684 1234 804 1280 uxores
837 1214 931 1300 quasi
965 1223 1039 1279 sunt
1073 1213 1217 1278 virilium
1251 1213 1448 1280 iamborum.
1532 1255 1533 1280 i

323 1308 533 1397 Quapropter
554 1312 826 1378 non'mirandum
849 1322 913 1395 eet,
936 1313 1023 1398 quod
1045 1312 1183 1378 dialecto
1206 1313 1321 1380 Ionum
1344 1337 1449 1402 popu·

211 875 214 880 ,
321 808 480 876 rationem
501 810 536 875 in
556 812 718 878 trochaeis
739 814 948 882 observatam
966 815 1131 897 videmus,
1156 818 1212 902 qui
1236 837 1310 882 cum
1333 838 1449 882 eorum

321 1408 384 1474 lari
403 1409 439 1474 in
459 1409 510 1474 his
532 1410 672 1495 vestigia
693 1414 807 1499 epioae
827 1411 959 1498 linguae
983 1413 1148 1477 lenissime
1175 1415 1339 1499 impressa
1362 1423 1447 1479 sunt.
1532 1443 1533 1458 ι

321 1543 363 1556 -
383 1508 422 1574 In
441 1507 555 1596 epodis
577 1519 693 1596 poetae
716 1513 814 1576 etiam
835 1513 960 1578 maiore
975 1511 1108 1578 licentia
1127 1513 1178 1577 usi
1194 1535 1265 1577 esse
1282 1511 1449 1578 videntur.
1532 1535 1533 1570 ι

406 1607 569 1692 Solonem,
593 1631 668 1675 cum
687 1611 814 1676 iambos
837 1613 962 1698 primus
985 1633 1026 1676 ex
1049 1612 1142 1676 Ionia
1164 1612 1199 1676 iu
1222 1621 1346 1676 terram
1361 1611 1449 1678 Atti·

323 1729 396 1774 cam
424 1709 659 1792 introduceret,
696 1721 945 1776 consentancum
981 1719 1046 1788 est,
1072 1720 1109 1777 ut
1133 1713 1170 1776 ,in
1194 1710 1306 1796 elegiis
1332 1712 1449 1797 epicae

323 1807 512 1894 (elegiacae)
536 1807 689 1892 dialecto,
720 1811 768 1874 sic
798 1810 917 1876 inillis
939 1811 1069 1876 Ionicae
1089 1809 1234 1876 Atticam
1255 1811 1450 1877 intexuisse.

322 1945 363 1954 -
382 1907 535 1974 Ceterum
564 1907 604 1972 de
632 1909 744 1974 formis
772 1910 950 1988 nonnullis,
972 1932 1056 1998 quae
1078 1909 1167 1996 apud
1188 1909 1448 1996 iambographos
1532 1941 1533 1962 ι

322 2019 458 2096 propter
480 2017 619 2074 metrum
641 2011 864 2096 exceptionem
887 2010 1064 2096 patiuntur,
1087 2009 1174 2074 infra
1198 2009 1333 2074 dicetur.

405 2108 460 2174 Ex
482 2111 539 2192 eis,
562 2131 645 2197 quae
667 2109 834 2197 hucusque
861 2108 1091 2191 disseruimus,
1123 2109 1284 2194 seqnitur,
1313 2117 1350 2172 nt
1370 2108 1449 2174 nbi-

324 2230 450 2294 cunque
476 2211 681 2295 reperiuntur
709 2231 792 2298 quae
820 2208 871 2274 his
897 2208 1025 2294 legibus
1054 2207 1274 2294 respondeant
1309 2207 1447 2289 formae,

324 2306 386 2372 hae
407 2309 569 2394 genuinae
591 2308 656 2373 sint
677 2306 848 2374 habendae
871 2317 968 2392 atque
990 2307 1033 2373 ad
1054 2330 1165 2373 earum
1187 2305 1372 2392 analogiam
1397 2329 1448 2372 ce

323 2416 413 2473 torae
449 2429 532 2494 quae
564 2417 747 2494 repugnent
776 2407 1009 2474 emendandae.
1050 2407 1163 2494 Neque
1193 2407 1228 2470 in
1258 2429 1296 2470 eo
1325 2405 1450 2472 offendi

323 2506 408 2589 licet,
433 2506 521 2595 quod
544 2508 734 2594 saepissime
756 2506 838 2572 haec
858 2508 943 2575 ratio
964 2509 1062 2572 etiam
1081 2504 1129 2571 ibi
1150 2505 1366 2594 ingredienda
1388 2514 1449 2587 est,

323 2605 379 2670 ubi
401 2628 484 2694 quae
506 2629 547 2672 ex
569 2615 683 2672 nostra
705 2609 865 2673 sententia
885 2607 1011 2672 formae
1024 2606 1185 2692 genuinae
1203 2615 1289 2688 sunt,
1310 2627 1448 2670 numero

323 2729 388 2770 non
410 2713 566 2792 superant
587 2703 788 2789 subditicias,
811 2706 864 2772 vel
886 2707 984 2772 etiam
1006 2707 1054 2772 eis
1074 2705 1244 2770 inferiores
1265 2712 1351 2785 sunt,
1372 2726 1448 2770 cum

323 2806 357 2870 in
378 2806 566 2870 universum
588 2804 687 2870 telem
708 2807 823 2890 crisin,
852 2828 936 2895 quae
957 2828 1125 2872 numerum
1147 2804 1294 2872 locorum
1315 2803 1359 2868 ad
1377 2803 1449 2868 cal·

213 2993 216 3000 y
324 2903 414 2970 culos
435 2914 538 2987 vocet,
561 2913 746 2972 constanter
768 2905 918 2972 adhiberi
940 2927 1006 2972 non
1026 2912 1176 2992 oporteat
1194 2904 1259 2970 nisi
1279 2905 1314 2968 in
1337 2905 1448 2990 scrip·

324 3004 463 3088 toribus,
491 3027 629 3092 quorum
654 3028 755 3093 opera
773 3006 825 3072 vel
848 3007 958 3073 omnia
979 3004 1031 3072 vel
1053 3027 1205 3092 magnam
1227 3003 1342 3090 saltem
1365 3013 1448 3090 pai·-

324 3115 388 3170 tem
415 3113 545 3170 servata
574 3107 652 3186 sint,
681 3128 746 3172 non
775 3108 809 3172 in
837 3107 1028 3192 fragmentis
1055 3126 1139 3190 quae
1168 3103 1359 3190 plerumque
1384 3126 1447 3168 nec
1532 3141 1533 3160 ι

323 3206 437 3290 magni
458 3205 602 3270 ambitus
624 3206 689 3270 sint
709 3228 769 3270 neo
790 3205 901 3270 multa.

405 3305 444 3370 In
479 3305 689 3370 restituendis
724 3305 871 3390 reliquiis
904 3302 1124 3390 Theognideis
1159 3324 1279 3388 magno
1314 3301 1446 3389 quidem

323 3403 553 3490 impedimento
585 3414 649 3488 est,
681 3404 767 3492 quod
798 3403 936 3468 aliorum
963 3411 1134 3490 poetarum
1158 3401 1342 3488 fragmenta
1372 3423 1444 3466 eum

324 3525 401 3568 vere
432 3502 651 3590 Theognideis
680 3505 814 3571 confirsa
841 3512 925 3569 sunt.
969 3502 1035 3568 Sed
1056 3511 1164 3566 tamen
1185 3500 1247 3567 hoc
1268 3523 1330 3588 pro
1354 3509 1443 3566 certo

323 3602 438 3668 haberi
466 3603 571 3682 licen)
602 3603 664 3669 hac
693 3603 818 3690 sylloge
855 3609 986 3691 praeter
1019 3600 1119 3668 multo
1154 3600 1262 3688 pluria
1299 3600 1446 3682 carmina

325 3702 537 3789 Theognidea
553 3713 701 3769 veterum
720 3712 847 3768 tantum
860 3711 1031 3789 poetarum
1047 3709 1258 3769 monumenta
1277 3700 1445 3766 contineri.

323 3803 500 3868 Praeterea
528 3812 652 3885 autem,
679 3813 715 3868 ut
734 3811 861 3868 taceam
884 3801 925 3866 de
947 3803 1009 3884 eis,
1040 3822 1123 3886 quae
1154 3802 1220 3866 iam
1250 3801 1444 3886 scriptorum

323 3904 517 3968 testimoniis
536 3904 652 3968 ceteris
675 3902 827 3988 elegiacis
848 3900 972 3968 tributa
994 3909 1077 3984 eunt,
1100 3899 1214 3987 procul
1236 3898 1335 3966 dubio
1357 3905 1444 3964 recte

415 4154 441 4226 4)
459 4150 560 4221 Bergk.
581 4151 618 4206 ad
633 4167 687 4204 vsa.
707 4154 755 4205 467
774 4167 834 4220 sqq.
