3088 4966
667 427 727 490 269

126 603 190 668 sed
232 597 681 689 omnem'tragoediae
714 606 953 670 orationem
992 601 1092 670 bene
1126 603 1258 670 fuisse

126 712 444 790 praeparatam
484 712 524 768 et
561 701 790 768 incohatam
828 704 1134 772 consuetudine
1164 727 1257 792 poe·

125 811 277 868 tarum
311 803 552 890 lyricorum.
594 801 780 868 Primordia
811 801 992 868 fabularum
1025 813 1057 867 et
1086 804 1179 890 quasi
1210 805 1257 866 in·

128 893 316 967 cunabula'
332 903 432 967 fuisse
465 908 593 967 constat
623 900 848 988 dithyrambos
878 901 949 968 illos
980 902 1057 966 olim
1082 905 1116 966 in
1136 899 1258 966 Bacchi

126 1000 301 1067 honorem
325 1010 481 1084 cantatos,
504 1000 669 1088 inquibus
689 1023 753 1065 non
773 1002 920 1067 invocari
935 1000 1036 1066 solum
1059 1009 1091 1065 ct
1105 999 1256 1086 precibus

127 1099 362 1189 laudibusque
385 1101 498 1188 lyricis
521 1099 605 1164 adiri
621 1099 715 1164 deum
737 1099 864 1165 solitum
880 1122 960 1183 esse,
984 1098 1042 1164 sed
1058 1121 1166 1163 rerum
1181 1120 1257 1183 quo·

131 1222 200 1286 que
225 1223 248 1265 a
275 1223 310 1265 se
333 1210 501 1287 gestarum
522 1200 708 1264 narratione
730 1200 823 1286 spica
843 1199 1007 1281 honorari,
1030 1221 1089 1286 per
1112 1220 1147 1262 se
1161 1196 1257 1262 valde

129 1300 208 1363 veri
226 1299 338 1364 simile
353 1308 410 1364 est.
446 1297 542 1378 Quod
564 1299 592 1362 si
612 1299 659 1362 ita
680 1307 759 1380 erat,
783 1297 853 1362 fieri
874 1299 931 1362 vix
949 1300 1062 1384 potuit,
1086 1299 1163 1383 quin
1176 1317 1258 1384 quae

130 1419 150 1461 e
175 1396 406 1484 dithyrambis
434 1395 500 1462 illis
522 1397 648 1461 initium
671 1396 840 1462 duxissent
867 1395 1053 1462 fabularum
1076 1397 1257 1476 cantica,

131 1505 316 1562 externam
338 1518 465 1583 quoque
480 1497 614 1582 originis
631 1495 872 1561 similitudinem
895 1517 1023 1582 semper
1042 1497 1088 1560 ite
1101 1501 1257 1576 tenerent,

130 1607 170 1659 ut
205 1595 388 1664 dialectum
419 1593 609 1659 exhiberent
640 1617 712 1660 cum
745 1594 942 1660 carminibus
973 1595 1085 1682 lyricis
1112 1592 1257 1676 Pindari,

133 1693 326 1759 Simonidis
349 1694 486 1758 aliorum
509 1695 671 1758 artissime
692 1704 883 1780 cognatam,
917 1695 1045 1758 omissis
1069 1693 1191 1758 scilicet
1212 1694 1258 1758 eis

131 1793 278 1876 formis,
312 1815 394 1878 quac
423 1815 495 1856 cum
524 1792 566 1857 ab
585 1792 769 1858 Atticorum
789 1793 900 1880 lingua
921 1795 1017 1858 nimis
1037 1792 1258 1873 abhorrerent,

133 1891 293 1979 intellegi
313 1914 378 1957 non
400 1900 541 1977 possent.
582 1891 732 1976 Denique
754 1891 882 1977 singula
905 1891 1064 1977 quaedam
1086 1897 1133 1970 (ut
1159 1911 1258 1977 φαεν-

133 1984 213 2069 νός,
251 1983 351 2067 δάιος
373 1999 439 2068 ott.)
469 2013 603 2078 quorum
623 1990 748 2055 formae
769 1989 898 2055 Atticae
921 2013 986 2055 non
1007 1997 1174 2055 exstarent
1181 2038 1198 2074 ,Δ
1224 1992 1258 2054 in

135 2089 341 2155 diverbia
363 2088 523 2155 translata
543 2097 624 2155 sunt.
668 2089 861 2175 Lyricorum
889 2112 967 2155 vero
995 2097 1166 2176 poetarum
1196 2089 1257 2154 etsi

135 2188 346 2254 uberrimum
367 2189 467 2254 fuisse
488 2190 607 2254 fontem
629 2189 753 2274 poesim
775 2191 900 2276 epicam
921 2188 1003 2253 bene
1018 2189 1257 2274 perspeximus,

136 2289 173 2352 in
196 2288 338 2380 singulis
361 2288 516 2376 quidnam
540 2288 641 2352 secuti
664 2288 728 2352 sint
748 2287 874 2354 consilii
901 2295 933 2353 et
962 2287 1113 2371 rationis,
1142 2287 1258 2354 diiudi·
1303 2341 1306 2348 ι

139 2409 222 2454 care
248 2387 472 2454 difficillimum
495 2396 552 2453 est.
