3008 4968
589 393 645 454 au
695 476 720 480 -

74 558 217 643 ξείνοισιν
241 560 352 654 ἡμένη.
395 567 514 656 Hipp.
539 575 594 651 36,
618 575 636 636 3
659 561 822 654 κηρίοισιν
843 563 1031 650 ἐμβάπτων.
1074 571 1112 636 43
1121 575 1170 652 ,1
1286 583 1292 598 ·
1325 585 1328 592 “

74 667 195 728 κακοῖσι
218 661 324 734 δώσω.
369 667 433 732 Sol.
458 679 497 732 tr.
518 673 567 750 38,
591 676 609 735 3
631 673 785 752 φακοῖσι·
808 671 929 744 κεῖθι,
953 679 1012 732 etc.

127 763 186 828 His
214 767 448 830 annumerandi
472 777 545 830 sunt
567 768 594 830 ei
615 767 693 850 loci,
723 767 779 832 ubi
806 767 937 832 brevior
965 767 1070 832 forme
1101 787 1173 828 cum

74 865 171 948 posite
201 866 243 928 sit
273 876 346 929 ante
375 864 536 948 vocalem,
571 865 704 931 elisione
732 868 884 930 excusari
911 873 1028 952 potest:
1058 861 1173 929 Arch.

73 970 136 1028 tetr.
164 970 204 1032 62
232 955 430 1046 ἀνθρώποις
444 953 552 1049 Ἄρης.
596 971 635 1032 65
664 961 722 1026 τὸν
748 966 858 1039 κακῶς
883 985 925 1044 με
952 963 1081 1044 δρῶντα
1104 959 1173 1026 δει-

77 1063 134 1135 νοῖς
155 1053 420 1146 ἀνταμείβεσθαι
441 1064 588 1142 (κακοῖς).
632 1071 681 1146 70,
703 1069 732 1130 2.
755 1069 783 1130 3.
829 1063 918 1128 Sim.
944 1071 975 1146 1,
997 1069 1036 1129 24
1059 1061 1175 1138 κακοῖς

74 1153 200 1238 ἑᾷονιες.
244 1169 280 1244 7,
310 1170 358 1230 29.
387 1170 521 1245 64;14,
551 1169 578 1228 1.
619 1161 708 1228 Nihil
736 1185 795 1228 nos
824 1161 974 1249 impedit,
1006 1163 1174 1250 quominus

74 1259 128 1324 huc
145 1261 324 1327 referamus
347 1263 445 1326 etiam
466 1259 582 1326 Arch.
605 1270 677 1326 tetr.
699 1267 748 1343 72,
771 1267 803 1328 2:
828 1258 1026 1342 προςβαλεῖν
1051 1253 1175 1342 μηρούς

76 1380 102 1418 ce
120 1361 262 1446 impoicl,
285 1359 342 1424 ubi
364 1369 472 1424 cetera
495 1361 614 1424 omissa
636 1369 717 1426 sunt.
763 1359 839 1426 Sol.
861 1369 934 1426 tetr.
957 1365 1012 1444 34,
1036 1365 1054 1426 2
1076 1353 1174 1436 λοξὸν

66 1449 261 1542 Ιὀφθαλμοῖς
283 1453 411 1542 ὁρῶσιν.
456 1468 493 1524 tr.
516 1463 564 1541 37,
588 1464 606 1522 2
629 1447 651 1518 d
671 1459 741 1534 τοῖς
762 1453 956 1524 ἕναντίοισιν
978 1453 1120 1543 ἥνδανεν.

129 1557 260 1646 Optime
288 1568 469 1644 congruunt
497 1557 577 1622 haec
605 1557 753 1644 exempla
779 1557 931 1645 plenioris
957 1557 1174 1622 forinsecum

76 1679 180 1741 prosae
203 1657 333 1723 Ionicae
356 1649 550 1742 scriptorum
572 1655 817 1740 consuetudine,
846 1658 901 1744 qui
924 1655 1061 1722 alteram
1083 1679 1173 1744 pror·

77 1779 121 1820 sus
150 1757 318 1842 aspernati
348 1764 430 1820 sunt.
473 1755 582 1820 Etiam
611 1755 644 1820 in
675 1755 899 1840 antiquissima
920 1753 1021 1820 Thasi
1050 1754 1174 1822 insulae

76 1855 276 1942 inscriptione
311 1853 371 1932 (ed.
403 1853 585 1931 Michaelis)
617 1853 754 1940 legimus
788 1846 984 1940 Ndprppow,
1015 1855 1049 1919 in
1080 1853 1173 1920 Diris

75 1949 154 2018 Telis
199 1957 279 2020 3044
308 1953 339 2018 Α
372 1959 410 2020 33
444 1945 726 2038 Ἀνθεστηρίοισιν
757 1947 813 2015 καί
840 1945 1090 2036 Ἡρακλείοισιν
1121 1946 1176 2016 καί

75 2045 214 2128 Δίοισιν,
239 2048 288 2135 ἐν,
316 2059 369 2122 36:
400 2049 436 2116 ὲν
457 2040 530 2140 ᾗσιν
555 2043 586 2138 if
610 2048 697 2136 κάρη
723 2045 912 2136 γέγραπται.
953 2058 1090 2119 43-44:
1118 2045 1174 2114 ἐπί

79 2147 221 2236 Τηίοισιν
243 2149 281 2214 τὸ
300 2145 404 2233 ξυνόν,
426 2153 459 2216 in
479 2150 688 2239 Olynthiaco:
710 2149 730 2216 l.
754 2157 787 2217 2:
810 2143 985 2237 ἀλλήλοισι
1007 2155 1133 2226 (contra
1154 2149 1173 2216 l.

81 2257 105 2314 11
134 2242 349 2338 ἀμφοτέροις
381 2248 485 2338 δοκῇ).
537 2249 575 2315 In
601 2249 833 2314 recentioribus
859 2249 960 2314 titulis
988 2249 1174 2316 decurtatae

76 2349 184 2414 formas
206 2371 382 2437 apparere:
404 2351 438 2415 in
457 2343 537 2436 Myl.
558 2355 645 2428 2601,
667 2355 699 2414 7;
720 2349 790 2424 τοῖς
810 2343 988 2433 προγόνοις
1008 2350 1078 2424 τοῖς
1097 2341 1175 2412 σοί-

76 2469 138 2524 aar,
161 2451 195 2514 in
215 2447 295 2536 Myl.
316 2455 407 2532 2909,
430 2455 448 2516 3
470 2450 540 2524 τοῖς
561 2441 704 2524 ἑωυτῶν,
728 2455 746 2514 5
768 2439 878 2524 αὐτοῖς
898 2443 1056 2532 κατάπερ,
1081 2470 1174 2514 nemo

78 2547 237 2614 mirabitur
257 2549 305 2626 ¹⁰).
334 2585 376 2596 -
402 2549 581 2636 Antiquam
608 2549 766 2612 rationem
795 2570 836 2614 ne
865 2547 1017 2614 Herodes
1044 2545 1174 2636 quidem

79 2647 243 2712 mimiamb.
276 2654 311 2730 3,
335 2655 367 2714 2:
400 2637 513 2736 ἢνῇσι
533 2639 738 2733 μηλοίνθῃσιν
764 2638 886 2728 ἅμματ’
922 2639 1072 2726 ἐξάπτων
1087 2645 1099 2732 ΙΙ
1122 2646 1174 2711 de-

77 2746 174 2810 sanxit.

131 2844 283 2910 Similiter
298 2845 332 2909 in
344 2843 457 2932 lingue
468 2843 587 2928 Attica,
602 2866 785 2932 quenquam
800 2867 862 2934 quo
875 2855 1020 2933 tempore
1036 2845 1175 2910 maxime

79 2943 197 3010 exculta
223 2954 285 3027 est,
312 2943 474 3030 longiores
500 2944 623 3010 formae
651 2945 684 3009 in
705 2946 781 3010 vivo
803 2935 890 3010 vilae
913 2943 1093 3009 cotidianae
1115 2966 1176 3008 usu

80 3043 136 3108 iam
163 3043 218 3109 diu
247 3045 427 3109 exstinctae
456 3053 565 3124 erant,
596 3052 704 3108 tamen
733 3042 819 3128 quod
846 3066 866 3106 a
887 3049 991 3130 poetis
1019 3043 1175 3108 scaenicis

81 3141 125 3206 vel
144 3141 298 3208 diverbiis
326 3144 470 3208 intextae
500 3151 590 3224 sunt,
620 3139 707 3226 quod
730 3135 847 3229 prosae
875 3143 1048 3230 scriptores
1070 3148 1175 3228 (prae-
1275 3199 1282 3208 ,

82 3243 167 3326 cipue
200 3240 306 3319 Plato)
348 3264 418 3308 sese
455 3239 519 3307 no'n
548 3240 588 3304 ab
622 3241 669 3306 eis
707 3240 944 3322 abstinuerunt,
980 3238 1176 3305 demonstret

83 3337 198 3406 Solonis
228 3351 373 3428 tempore
395 3341 479 3406 soles
502 3341 638 3406 usitatas
660 3340 774 3422 luisse3
801 3337 894 3404 aliter
916 3340 1002 3404 enim
1021 3337 1091 3404 fieri
1112 3361 1176 3404 non

83 3441 192 3523 potuit,
220 3451 255 3506 ut
284 3440 327 3506 ad
347 3450 415 3504 tam
436 3449 597 3506 recentem
619 3447 757 3504 aetatem
785 3448 960 3504 manerent.
1001 3437 1090 3502 Idem
1112 3436 1176 3502 col·

84 3537 174 3624 ligere
204 3539 278 3605 licet
299 3562 341 3605 ex
368 3531 617 3628 antiquioribus
635 3537 751 3619 titulis,
783 3536 840 3601 ubi
867 3535 967 3602 multa
992 3533 1078 3602 illius
1100 3559 1176 3600 usus

85 3639 210 3725 vestigia
238 3647 368 3706 serrata
396 3647 478 3704 sunt.
521 3639 655 3704 Praeter
684 3635 850 3720 exempla,
879 3657 962 3722 quae
981 3637 1012 3718 ξ.
1033 3640 1051 3702 6
1074 3633 1176 3718 attuli,

87 3736 219 3802 conferas
248 3739 284 3806 O.
312 3738 337 3802 Ι.
361 3738 393 3820 Ι,
426 3745 482 3819 71,
515 3735 639 3818 Coto,
662 3741 699 3802 10
729 3735 799 3812 τοῖς
830 3725 1090 3814 ἀκολ1οίθ]οισιν
1122 3730 1177 3798 καί

88 3829 273 3919 [deriderem
298 3842 338 3904 26
357 3837 428 3912 τοῖς
448 3827 549 3911 ίδίοις
569 3827 700 3931 μείζοσι
719 3825 971 3919 μ[ο]οιηρίοισιν.
1015 3838 1068 3898 72;
1089 3833 1176 3898 τοῖσι

136 3974 183 3979 --—
199 3975 278 3982 ᾗ.

135 4051 172 4118 10)
188 4048 228 4105 De
244 4050 334 4108 forme
350 4026 469 4124 quadem
485 4053 515 4107 in
531 4052 594 4108 Hel.
612 4051 694 4108 obvia
711 4049 784 4106 infra
802 4047 930 4105 dicemus.

961 4151 1009 4204 14*
