3008 4968
859 444 917 506 196

331 629 383 684 tae
405 629 488 704 sunt,
511 629 662 686 accurate
682 623 894 707 inquiramus,
916 631 1024 687 utrum
1043 631 1146 686 metro
1168 641 1270 686 neone
1292 619 1433 684 excusari

330 721 466 805 possint.
507 721 553 786 Ut
573 731 682 785 tamen
704 721 790 784 iufra
811 720 854 785 ad
880 719 1009 806 singula
1028 729 1233 786 transeuntes
1254 741 1292 784 eo
1314 718 1433 784 facilius

328 818 570 904 impedimentis
605 819 742 884 sublatis
774 829 865 884 recta
896 821 951 884 via
983 841 1052 884 rem
1080 819 1123 884 ad
1153 819 1250 884 linem
1282 817 1434 906 quendam

330 918 510 1006 perducere
542 940 728 1004 possemus,
756 940 822 983 non
844 917 886 982 ab
908 941 945 982 re
968 917 1049 982 duxi
1070 920 1135 982 iam
1162 918 1223 984 hoe
1244 917 1315 983 loeo
1338 928 1434 982 certos

330 1019 484 1082 terminos
507 1019 712 1100 constituere,
734 1018 818 1082 inter
839 1040 920 1102 quos
940 1018 1064 1082 formas
1086 1027 1271 1082 contractas
1293 1015 1434 1081 serendas

330 1139 480 1182 censeam
497 1117 549 1194 ³⁵).

393 1222 424 1289 a)
446 1215 496 1282 Ae
518 1217 658 1302 primum
686 1215 815 1302 quidem
838 1213 926 1300 apud
953 1214 1170 1300 elegiacosin
1190 1213 1359 1301 permultis
1379 1213 1435 1278 for·
1492 1267 1493 1276 ,

223 1311 226 1318 ’
329 1317 402 1397 mis,
425 1319 453 1380 si
475 1315 740 1397 dissolverentur,
760 1336 826 1378 una
848 1312 976 1400 syllaba
997 1312 1107 1409 brevis
1129 1316 1235 1399 posita
1254 1323 1340 1378 esset
1360 1316 1435 1378 iuter

334 1412 416 1478 duas
438 1414 563 1499 longas.
607 1413 682 1478 Huc
702 1421 850 1500 spectant
872 1411 1018 1498 syllabae
1039 1433 1072 1474 εε
1092 1423 1166 1476 ante
1187 1411 1348 1499 duplicem
1371 1435 1435 1476 eon·

333 1535 447 1577 senam
462 1514 589 1599 positae
611 1522 644 1576 et
662 1497 722 1595 ἷεῖ,
745 1534 881 1598 quarum
899 1499 954 1592 ἴε,
973 1511 1103 1576 vocales
1135 1510 1278 1576 eiusdem
1306 1514 1436 1598 generis,

330 1614 460 1676 omnino
482 1635 546 1676 nen
568 1621 725 1696 poterant,
748 1599 796 1674 ἕῖι
811 1610 901 1698 apud
916 1610 1094 1675 Homerum
1112 1610 1251 1696 quidem,
1268 1633 1361 1698 quem
1383 1610 1436 1676 ele·

330 1712 416 1795 giaci
438 1712 541 1775 secuti
562 1720 725 1788 su11t‚n0n
743 1709 890 1775 solebant
912 1710 1077 1796 synizesin
1092 1709 1230 1774 efficere.
1273 1709 1436 1776 Conferas:

330 1809 414 1875 Xen.
431 1816 458 1891 1,
473 1815 510 1875 19
522 1800 635 1874 αἰνεῖν.
664 1808 730 1874 Sol.
743 1817 773 1891 5,
788 1817 801 1874 1
825 1803 972 1890 ἐπαρκεῖ.
1016 1809 1162 1895 Theogn.
1175 1813 1254 1874 1377
1267 1813 1355 1896 (mp.)
1366 1801 1436 1889 ὅμι-

330 1904 407 1984 lau.
451 1907 532 1975 Call.
556 1915 588 1990 1,
612 1917 629 1974 2
652 1897 809 1974 uldeiud'.
853 1908 947 1995 Tyrt.
968 1917 1002 1991 4,
1026 1913 1043 1971 7
1064 1907 1257 1988 μυθεῖσθαι
1279 1917 1339 1973 ete.
1380 1908 1435 1972 His

330 2007 608 2072 annumerandum
631 2006 761 2072 videtur
781 2005 926 2093 Theogn.
947 2013 1007 2074 639
1032 1995 1067 2070 εὖ
1095 2008 1164 2087 ῥεῖν
1188 2005 1297 2092 (vulgo
1321 2000 1434 2090 εὑρεῖν),

330 2129 412 2194 quae
434 2105 537 2171 verba
559 2109 627 2172 vim
649 2109 743 2170 unius
766 2107 860 2191 quasi
881 2108 972 2170 vocis
993 2104 1122 2170 habeut.

391 2206 426 2284 b)
447 2205 577 2270 Deinde
597 2205 718 2270 multae
739 2205 862 2270 formae
885 2227 927 2268 ex
949 2203 1061 2290 elegiis
1084 2203 1270 2270 afferendae
1292 2215 1378 2288 sunt,
1405 2206 1433 2269 in

330 2305 465 2392 quibus,
496 2307 524 2368 si
544 2303 764 2384 solverentur,
793 2303 904 2390 plures
926 2326 1024 2390 quam
1045 2303 1130 2369 duae
1157 2303 1274 2370 breves
1297 2304 1432 2391 syllabae
1492 2305 1493 2308 ’

329 2404 432 2468 altera
454 2403 590 2468 alteram
612 2404 814 2488 exciperent:
838 2402 984 2488 Theogn.
1007 2407 1068 2474 928
1083 2399 1205 2486 τοιῷδε
1234 2399 1340 2485 γένεα.
1364 2409 1432 2472 1310

332 2509 420 2590 (mp.)
442 2494 536 2564 παῖδ’
562 2491 649 2585 cidari
673 2498 853 2592 (παιὸαϊδη
874 2500 927 2584 Α),
950 2502 990 2567 cf.
1013 2503 1110 2567 etiam
1131 2525 1181 2566 nr.
1198 2501 1242 2582 d).
1263 2541 1306 2552 -
1327 2501 1431 2570 Callin.

331 2611 357 2680 l,
377 2608 395 2668 3
418 2599 553 2665 δοκεῖτε.
576 2599 720 2686 Theogn.
742 2605 782 2667 63
805 2595 908 2664 δόκει.
930 2606 991 2668 587
1006 2590 1204 2682 εὐδοκιμεῖν.
1226 2607 1301 2670 96οε
1322 2596 1431 2666 ἐδόκει.

328 2699 426 2766 Areh.
456 2722 507 2787 ep.
535 2705 592 2780 93,
627 2707 639 2765 1
664 2700 698 2763 in
726 2699 888 2786 tripediae
917 2699 1100 2786 dactylicus
1128 2701 1339 2767 catalecticae
1363 2701 1431 2766 fine:

326 2802 365 2887 τῇ
386 2793 447 2880 μὲν
467 2793 557 2879 ὕδωρ
580 2791 726 2882 ἑφόρειΗ.
769 2798 884 2864 Addas
905 2790 1124 2883 φιλοψυχεῖτ’.
1148 2799 1241 2886 Tyrt.
1266 2805 1313 2883 10,
1332 2807 1430 2868 18ε1ε.

389 2899 502 2986 Neque
522 2899 629 2962 minus
657 2898 746 2985 apud
772 2897 1025 2984 iambographos
1046 2899 1080 2962 in
1103 2898 1298 2986 quibusdam
1319 2900 1429 2978 formis,

328 3001 363 3062 in
382 2998 498 3085 quibus
521 2997 563 3062 ab
587 2999 712 3084 origine
741 2997 899 3062 duasvel
929 2996 1038 3084 plures
1060 2996 1207 3082 syllabae
1229 2997 1346 3064 breves
1367 3020 1429 3064 con·

326 3099 455 3161 iunctae
476 3096 619 3175 fuerunt,
642 3097 863 3163 contractione
884 3117 966 3181 opus
986 3105 1065 3175 erat,
1088 3098 1240 3183 queniam
1265 3097 1369 3164 soluta
1387 3119 1428 3162 ar-
1490 3119 1491 3184 ᾖ

328 3197 372 3260 sis
393 3197 427 3260 iu
448 3205 551 3261 metro
580 3195 747 3262 trochaico
773 3204 806 3260 et
827 3193 966 3260 iambico
991 3196 1162 3260 rarissima
1183 3203 1233 3260 est
1253 3206 1285 3261 et
1310 3198 1427 3284 saepius
1490 3187 1491 3233 l

326 3294 415 3381 apud
438 3297 603 3360 scaenicos
625 3304 739 3381 po'e'tas
761 3293 891 3358 demum
912 3293 1007 3359 nobis
1030 3295 1187 3378 occurrit,
1211 3295 1319 3361 soluta
1339 3295 1427 3361 thesis

325 3415 405 3458 vero
428 3393 590 3480 (dactylus
612 3405 644 3459 et·
665 3401 862 3480 anapaestus
884 3393 1039 3480 cyclicus)
1069 3392 1157 3479 apud
1187 3397 1353 3461 scaenicos
1373 3395 1426 3482 pri·

327 3515 398 3558 mos
421 3493 455 3556 in
476 3514 572 3558 usum
597 3493 687 3556 venit
701 3493 752 3571 36).
793 3491 920 3558 Prioris
947 3491 1259 3578 generis*exempla
1286 3493 1427 3558 exhibent
1489 3523 1490 3526 ¹

227 3597 231 3604 “
325 3590 427 3678 Hipp.
442 3600 482 3655 tr.
497 3597 547 3672 47,
566 3597 579 3656 1
597 3582 682 3674 ᾤκει.
726 3591 790 3656 Sol.
804 3601 843 3656 tr.
861 3597 909 3669 36,
928 3597 979 3658 13:
1003 3584 1143 3674 nedaerll.
1167 3591 1266 3657 Arelu
1284 3615 1336 3679 ep.
1347 3597 1393 3674 91,
1413 3597 1422 3653 1

325 3683 471 3775 ἐφράσω.
515 3689 725 3756 contractam
757 3690 864 3755 thesin
889 3692 1014 3777 reperis
1042 3690 1092 3754 his
1119 3689 1213 3755 loeis:
1244 3689 1322 3757 Sim.
1349 3697 1380 3773 7,
1398 3695 1425 3754 4:

391 3938 434 4005 35)
451 3937 536 3991 Haud
553 3954 615 3992 raro
638 3937 667 3990 iu
685 3953 741 3992 nno
767 3937 918 4010 eodemque
942 3937 1078 4020 vocabulo
1103 3937 1174 3991 duae
1192 3935 1246 4006 (vel
1264 3938 1345 3994 etiam
1367 3935 1423 4000 tres)

324 4035 423 4092 causae
441 4020 532 4075 valere
550 4025 675 4092 possunt.

392 4107 435 4170 ae)
454 4103 597 4159 maban
615 4105 673 4160 und
690 4103 850 4176 Westpml,
867 4103 968 4175 grieeh.
988 4105 1067 4163 Meu.
1086 4104 1142 4174 lu,
1166 4121 1232 4176 pag.
1249 4108 1301 4172 με
1318 4121 1355 4174 sq.
1374 4103 1421 4156 rsa
1487 4079 1488 4092 ’
