3034 4964
856 473 897 536 tt

222 643 225 648 ’
325 631 538 734 διαιτῶνται,
569 660 683 718 eontra
703 649 739 718 O.
762 657 811 720 67.
838 655 897 719 187
922 647 1100 714 τελευτῶσι
1121 656 1162 718 59
1183 640 1417 725 ἄπατελαπῶσι,
1497 726 1499 739 Ι

323 749 495 829 χαλῶντες.
526 757 587 820 499
603 743 716 834 ὁρῶσι.
753 749 849 816 ΕΠΙ
874 771 909 838 p·
926 756 997 820 598.
1017 757 1086 820 535.
1105 755 1166 818 589
1181 750 1316 831 σιγῶσα.
1342 747 1424 813 sat*

324 856 365 918 59
387 841 516 926 ἰῶνται,
540 845 771 914 ἐπαιτιῶνται.
801 844 1052 929 πειρωμένοισι.
1087 843 1244 936 4ἡβῶσι.
1274 853 1312 915 30
1329 839 1418 926 τιμῶ-
1496 836 1499 970 A

322 967 427 1028 μενοι.
456 947 519 1013 VA
529 955 570 1017 45
593 944 803 1013 ἐπισπῶνται
825 948 935 1016 CV1:
955 945 1149 1014 τελευτῶσα.
1175 941 1252 1014 15ί
1235 948 1359 1029 optim.
1376 948 1418 1010 58.

325 1040 405 1112 29‘
387 1046 482 1131 σρῶι.

386 1146 527 1213 Formae
548 1169 633 1236 quae
654 1147 830 1214 distractae
847 1147 1007 1230 dicuntur,
1028 1145 1145 1232 quibus
1162 1125 1325 1211 Homerus
1340 1165 1421 1230 saepe
1497 1184 1498 1193 ι

324 1267 402 1310 usus
423 1255 481 1328 est,
503 1247 536 1312 in
559 1247 671 1335 elegiis
693 1269 851 1334 nusquam
874 1249 1091 1312 inveniuntur
1119 1245 1200 1312 Jure
1215 1245 1301 1310 enim
1315 1243 1420 1308 Ahren-

325 1345 392 1410 sius
417 1354 449 1409 et
470 1295 634 1432 liergkius
657 1347 804 1434 Theogn.
824 1353 885 1414 877
907 1345 1043 1422 (Mimo.)
1072 1346 1253 1410 reiecerunt
1274 1314 1499 1428 vulgatam
1497 1378 1498 1426 3

325 1445 522 1530 scripturam
543 1439 668 1530 ἡβῶοις
688 1447 868 1532 (Αηβανοι,
892 1438 1041 1531 Οῆβάοι,
1063 1437 1224 1531 Κὴβῶης,
1250 1441 1422 1508 bdehlmn
1497 1443 1498 1479 ³

323 1535 459 1626 11βᾶ09,
490 1543 507 1607 f
522 1543 629 1628 duic),
657 1545 693 1610 id
720 1545 808 1634 quod
835 1543 930 1610 docet
958 1544 1044 1609 idem
1073 1565 1189 1610 versus
1208 1551 1287 1630 post
1307 1547 1391 1608 ν.9
1360 1545 1423 1608 1919

325 1642 493 1728 repetitus,
505 1639 562 1708 ubi
573 1643 667 1710 codd.
697 1637 818 1724 τέρπιό
830 1665 891 1725 μοι
906 1643 1070 1726 exhibent,
1091 1641 1179 1731 quod
1190 1651 1341 1729 apertum
1355 1637 1424 1726 glos·

324 1837 488 1926 Bergkius
510 1839 577 1906 Sol.
602 1846 650 1925 13,
676 1848 710 1908 11
743 1865 804 1929 pro
827 1831 866 1906 ὃν
888 1833 921 1904 δ’
949 1832 1067 1924 ἄνδρες
1084 1843 1223 1922 τιμῶσιν
1252 1841 1289 1904 in
1310 1846 1425 1904 amota·

188 1739 191 1744 '
326 1761 416 1804 sema
432 1749 482 1804 est
497 1764 557 1828 pro
573 1741 684 1808 verbis
706 1745 868 1830 corruptis
890 1736 957 1828 ἥβα
969 1763 1039 1823 μοι.
1072 1742 1185 1829 Neque
1204 1763 1285 1806 vero
1301 1735 1425 1804 debebat
1498 1721 1499 1812 9

324 1940 412 2004 tione
432 1938 570 2006 formam
592 1940 784 2008 distractam
805 1935 923 2022 μῶωσι
944 1942 1108 2023 conicer03
1126 1938 1300 2028 probanda
1312 1937 1426 2003 videtur
1499 2003 1500 2038 3

212 2063 215 2066 ·
323 2037 466 2104 Alrrensi
485 2042 671 2106 coniectura
690 2034 838 2120 μετίωσι

385 2137 462 2206 Jam
484 2139 613 2225 singula
634 2139 794 2227 quaedam
817 2139 1093 2222 commemorabo,
1123 2140 1158 2204 in
1185 2137 1305 2226 quibus
1324 2143 1426 2223 poetae

325 2357 341 2398 s
363 2347 395 2402 et
416 2358 448 2399 αι
468 2338 502 2402 in
524 2360 544 2423 η
566 2341 812 2404 coniunxerunt

388 2433 433 2498 λα’
414 2435 595 2524 p.Theogn
604 2441 665 2505 599
686 2437 899 2503 derivandum
915 2436 957 2504 ab
973 2439 1107 2525 antiquo
1122 2435 1225 2502 verbo
1241 2431 1291 2496 λῶ
1302 2432 1427 2498 Dorium

226 2253 228 2260 ’
324 2237 440 2302 Dorici
469 2239 513 2304 ad
539 2261 688 2305 normam
719 2262 798 2305 suae
827 2241 973 2327 ipsorum
1002 2239 1132 2306 dialecti
1154 2260 1176 2301 σ
1199 2259 1273 2302 cum
1296 2233 1427 2323 sequenti

324 2537 467 2602 maxime
494 2538 628 2623 proprio
655 2538 851 2613 (restitutum
883 2546 933 2602 cst
961 2559 979 2604 e
1008 2536 1135 2624 Sauppi
1163 2535 1339 2600 verissima
1365 2551 1427 2596 con·
1460 2523 1464 2536 '
1500 2626 1502 2635 Ι

255 2671 263 2681 ·
324 2638 472 2714 iectura).
515 2635 653 2717 Quod
643 2659 677 2702 m
699 2636 760 2702 hoc
780 2635 942 2702 vocabulo
972 2646 1070 2752 poeta
1097 2637 1195 2701 etiam
1217 2633 1345 2700 Dorica
1364 2649 1427 2695 oon-
1500 2704 1503 2717 ‚

324 2733 476 2800 trahendi
497 2737 624 2800 ratione
644 2737 760 2818 utitur,
788 2736 920 2800 minime
944 2737 1062 2801 mirum
1091 2757 1163 2801 esse
1184 2742 1300 2822 potest
1342 2728 1429 2816 Apud

326 2832 464 2899 eundem
485 2833 623 2920 legimus
650 2857 698 2902 vs.
723 2841 802 2902 1156
820 2834 958 2900 formam
974 2830 1046 2917 ζῆν.
1087 2834 1197 2899 Etiam
1219 2832 1428 2920 Hippocrates

326 2933 425 3000 OVl
454 2928 492 3018 ζῆ
513 2927 703 3017 ὥνθρωπος
730 2933 819 3000 dicit.
862 2933 1014 3000 Ceterum
1042 2955 1108 2999 ιιοιι
1133 2933 1229 3019 parvi
1256 2930 1429 2998 faciendum

327 3042 375 3098 est
396 3031 477 3098 haec
496 3032 599 3098 verba
619 3032 845 3120 monosyllaba
866 3055 947 3117 esse,
969 3055 1107 3121 quorum
1126 3031 1262 3098 alterum
1283 3032 1319 3096 iu
1331 3030 1430 3096 Attica

327 3153 454 3220 quoque
486 3131 599 3219 lingua
634 3131 831 3220 peculiarem
864 3133 1024 3198 rationem
1060 3133 1214 3221 sequitur.
1268 3128 1429 3194 Putaveris

326 3231 539 3298 conserendas
575 3253 647 3296 esse
678 3231 885 3318 Kruegerol)
923 3242 1054 3298 auctore
1089 3231 1212 3296 formas
1248 3229 1429 3296 Homericus

325 3325 564 3416 πραςαιδήτηι,
588 3323 728 3417 συλήτην
750 3330 880 3398 similes.
922 3329 968 3396 At
987 3332 1046 3397 has
1063 3330 1230 3408 Omtiusl)
1250 3341 1339 3395 recte
1358 3324 1430 3392 vidit

326 3429 511 3515 analogiam
530 3431 622 3518 sequi
644 3429 820 3496 verborum
840 3431 874 3494 iu
893 3451 943 3510 μι.
980 3429 1036 3497 Sic
1051 3431 1149 3497 etiam
1163 3423 1239 3516 ἔχρη
1254 3427 1343 3517 apud
1357 3427 1428 3514 'lyr-

325 3539 431 3595 tasum
455 3534 483 3604 3,
506 3535 524 3596 3
547 3527 777 3616 explicandum
795 3537 852 3594 est.

389 3635 420 3706 3)
453 3627 565 3693 Verba
597 3651 679 3716 pura
710 3630 744 3694 iu
771 3649 818 3692 σω
842 3627 1007 3712 cadentia,
1041 3651 1123 3717 quae
1151 3627 1240 3714 apud
1263 3627 1428 3692 Homerum
1504 3617 1505 3648 ³

326 3733 373 3804 (ut
399 3728 566 3807 mittamus
594 3728 716 3794 formas
743 3727 930 3806 distractas)
962 3739 994 3794 et
1019 3727 1216 3793 recentiores
1237 3727 1334 3792 Ionas
1358 3745 1429 3788 nun·

326 3847 422 3916 quam
459 3849 523 3894 non
557 3827 809 3892 contractionem
838 3827 1022 3915 patiuntur,
1058 3826 1148 3916 apud
1177 3826 1337 3910 elegiacos
1363 3842 1428 3911 quo·

377 4059 642 4130 amemus

376 4145 402 4211 e)
420 4161 462 4215 gr.
482 4161 596 4216 gramm.
615 4151 639 4214 s.
658 4147 715 4214 ιιι,
734 4144 770 4198 D.
