3008 4968
836 403 896 465 216

334 651 341 658 ‚
370 579 435 644 Ubi
465 603 538 644 cum
566 579 681 644 ultima
700 603 766 646 vox
789 583 967 647 sententiae
985 590 1087 670 aptae
1114 590 1290 666 repugnet,
1319 581 1413 668 placet
1484 561 1486 646 Q

311 701 382 742 cum
411 678 554 765 Bergkio
584 679 726 746 scribere
758 675 933 765 φαρμακοί
964 688 992 760 (ς
1014 704 1055 745 ex
1082 681 1202 767 prioris
1225 703 1338 766 versus
1359 682 1414 746 fine

310 778 344 840 in
373 777 434 842 hoc
462 775 654 843 vocabulum
680 780 854 868 irrepsisse
883 781 1033 858 videtur).
1075 779 1257 845 Ahrensius
1286 783 1415 866 permire
1484 767 1486 846 ,3

311 879 462 941 coniecit:
485 870 620 954 ἔχοντες,
648 871 730 958 ὥστε
753 874 812 944 κου’
833 903 866 942 τι
889 872 1093 965 φαρμακούς.
1138 961 1142 968 ¹
1484 881 1485 888 '

372 1015 400 1086 e)
421 1009 525 1074 Anan.
555 1018 593 1074 tr.
622 1017 656 1091 3,
685 1020 713 1076 1:
742 1005 790 1074 Εἴ
812 1034 863 1088 τις
890 1006 1069 1095 καθείρξαι
1094 1007 1215 1094 χρυσὸν
1246 1007 1280 1074 ἒν
1310 1005 1416 1092 δόμοις
1483 1001 1485 1076 Q

311 1102 440 1171 πολλόν
455 1108 465 1192 {l
481 1105 610 1172 πολλὸν
637 1133 678 1174 ex
705 1111 865 1176 Athenaei
893 1112 952 1176 VL
975 1121 1142 1197 receptum
1170 1121 1226 1174 est.
1271 1111 1350 1177 (lum
1371 1119 1414 1176 ta*
1483 1099 1484 1150 }

312 1229 385 1271 men
406 1206 494 1272 ABP
517 1215 548 1271 et
570 1207 704 1274 Stobaei
730 1209 807 1276 libri
834 1207 941 1272 πολὺν
963 1211 1154 1292 exhibeant,
1182 1209 1360 1274 Ahrensius
1380 1217 1415 1287 (et

312 1305 479 1374 Brinkiusl
501 1306 619 1371 collata
642 1307 761 1372 Suidae
790 1309 916 1394 glossa:
945 1304 1085 1388 ,χρυσὸς
1106 1307 1222 1388 συχνὸς
1243 1301 1341 1395 ἤγουν
1361 1331 1414 1371 νεο-

313 1399 395 1479 λύςίί
417 1427 489 1469 mea
512 1409 668 1470 sententia
687 1409 807 1493 optime
821 1410 963 1473 restituit
985 1404 1019 1471 ἐν
1035 1403 1128 1493 δόμῳ
1149 1402 1277 1486 συχνόν.
1320 1409 1415 1492 Utitur

314 1507 410 1570 etiam
421 1505 636 1591 Hippocrates
659 1505 721 1570 hoo
743 1507 920 1572 adiectivo:
942 1507 1070 1574 etant
1083 1514 1142 1574 223
1165 1502 1278 1594 κοιλίη
1299 1503 1415 1592 ξονέσση

312 1598 428 1687 χρόνον
451 1596 492 1667 ου’
517 1599 640 1680 συχνόν.
682 1603 772 1670 AAL
786 1615 806 1672 4
821 1600 961 1691 φθίσιές
980 1628 1016 1669 τε
1039 1607 1204 1689 γίγνονται
1227 1605 1339 1685 συχναὶ
1359 1599 1416 1670 ἀπὸ
1487 1621 1488 1624 ’

312 1705 378 1764 τῶν
399 1705 548 1768 τοκετῶν.
596 1710 646 1767 lt:
670 1696 811 1767 ἔλασσον
832 1708 946 1788 συχνῷ.

374 1838 399 1910 f)
420 1837 594 1901 Praeterea
613 1835 713 1922 Hipp.
738 1839 820 1902 91³²:
847 1833 886 1900 ‘0
911 1833 1090 1921 Κιθαιρών
1116 1830 1301 1902 Λοδίοισιν
1322 1832 1354 1900 ἒν
1371 1858 1418 1919 χο·

314 1936 401 2017 ροῖσι
424 1937 563 2018 Βακχῶν
584 1936 747 2022 Bergkius
776 1938 956 2002 rectissime
987 1961 1060 2003 cum
1090 1939 1202 2025 priora
1230 1937 1333 2003 verba
1360 1948 1417 2001 tum
1487 1935 1488 2012 ]

315 2034 493 2120 longiorem
514 2035 652 2100 formam
671 2038 820 2118 χοροῖσιν
841 2039 1029 2123 reposuisse
1051 2036 1190 2102 videtur.
1487 2033 1488 2039 '

377 2173 408 2245 4)
429 2139 645 2233 Accusativus
673 2168 810 2254 pluralis
840 2168 1068 2236 declinationis
1095 2171 1129 2234 in
1157 2169 1305 2234 vocalem
1333 2180 1348 2230 5
1374 2191 1418 2232 ex·

202 2340 205 2348 ¹
316 2269 419 2332 euntis
449 2267 538 2353 apud
567 2268 746 2364 Tyrtaeum
768 2269 891 2336 Dorico
921 2292 1010 2334 more
1040 2268 1174 2334 brevem
1204 2269 1364 2356 syllabam
1388 2288 1419 2340 σς
1487 2303 1488 2310 ν

315 2365 414 2430 habet
436 2375 469 2442 4,
490 2374 508 2432 5
529 2363 673 2452 δημότας
694 2359 827 2450 ἄνδρας.
872 2375 900 2451 7,
927 2377 958 2434 t:
983 2363 1148 2444 δεσπότας
1170 2361 1373 2448 οἰμώζοντες.

380 2499 472 2578 Quae
493 2501 598 2565 forma
619 2523 661 2564 ex
682 2503 864 2586 antiquiore
886 2506 943 2577 ᾶνς
970 2504 1072 2566 eiecto
1094 2524 1110 2562 ν
1133 2502 1336 2586 correptione
1354 2508 1419 2562 nata
1487 2529 1488 2535 ν

239 2677 243 2686 Ι
318 2607 376 2661 est.
417 2598 456 2662 In
478 2598 539 2663 hac
561 2623 688 2687 quoque
716 2624 752 2665 re
772 2601 937 2666 Hesiodus
968 2600 1044 2678 (vid.
1068 2606 1098 2676 2)
1126 2599 1313 2684 analogiam
1338 2597 1419 2662 nobis

200 2757 204 2778 ,
318 2695 467 2784 praebet,
494 2698 583 2785 apud
604 2722 699 2785 quem
719 2699 856 2786 legimus
879 2723 931 2786 op.
955 2704 1016 2766 564
1042 2696 1126 2779 μετὰ
1147 2695 1277 2782 τροπὰς
1296 2691 1419 2783 ἠελίοιο,
1487 2693 1488 2760 i

318 2795 423 2882 theog.
450 2800 508 2864 184
529 2800 641 2874 σᾶσσς
663 2808 721 2864 etc.

375 2929 434 2994 'Ex
455 2933 570 2995 ceteris
592 2932 705 2995 formis
729 2931 818 3018 apud
841 2931 1035 3017 Tyrtaeum,
1066 2953 1138 2994 cum
1160 2940 1234 2994 ante
1255 2949 1418 2995 consonam
1485 2939 1486 2944 ’

319 3029 370 3093 vel
392 3032 425 3093 in
446 3031 508 3096 fine
531 3053 644 3094 versus
666 3029 826 3116 legantur,
849 3029 930 3094 nihil
945 3029 1055 3114 colligi
1077 3039 1193 3116 potest.
1238 3029 1304 3094 Sed
1325 3039 1420 3093 temen

319 3138 588 3214 poetamtantum
610 3131 705 3194 metri
726 3131 913 3194 necessitati
944 3129 1110 3194 cedentem
1124 3167 1166 3175 -
1181 3121 1327 3214 δημότᾶς
1347 3128 1420 3192 enim

320 3238 351 3291 et
381 3226 544 3304 δεσπόσᾶς
573 3230 614 3294 ab
642 3229 831 3294 hexametro
861 3227 1013 3293 exclusae
1043 3237 1135 3292 erant
1162 3229 1203 3274 -'-
1231 3229 1421 3314 correptione

319 3329 483 3392 Laconica
505 3353 598 3394 usum
620 3351 690 3392 esse
711 3328 869 3416 docemur¹
886 3326 1101 3392 declinatione
1120 3329 1154 3390 in
1176 3331 1195 3389 ὃ
1216 3329 1356 3409 exeunti,
1376 3323 1421 3388 ubi

320 3450 447 3513 semper
469 3449 526 3503 ους
548 3437 687 3516 apparet
715 3427 754 3492 cf.
777 3433 812 3510 4,
835 3433 853 3494 3
874 3419 1096 3511 θεονιμήτσυς
1116 3424 1290 3512 βασιλῆας.
1320 3434 1353 3494 6:
1375 3416 1422 3486 dv-

318 3522 670 3610 νσσαμειβομὲνοοςΗς
704 3535 756 3610 10,
785 3533 841 3610 203
878 3535 928 3609 11,
956 3531 1007 3591 12:
1036 3519 1069 3601 ἔς
1090 3519 1123 3589 τ’
1146 3519 1358 3611 αὐτοσχεδίην
1376 3516 1422 3586 καὶ

319 3621 512 3706 προμάχους
534 3619 620 3690 ἰέναι
635 3627 672 3711 ΙΙς
695 3635 742 3708 11,
764 3633 793 3692 4.
818 3633 864 3692 12.
887 3631 937 3690 23.

381 3765 411 3838 5)
428 3735 638 3826 Substantiva
653 3771 684 3826 et
695 3759 857 3824 adiectiva
866 3758 963 3844 vulgo
978 3767 1147 3823 contracta
1161 3758 1250 3845 apud
1260 3757 1421 3823 Homerum

320 3859 509 3944 plerumque
532 3860 638 3926 soluta
659 3861 875 3946 reperiuntur,
899 3880 1026 3944 semper
1050 3857 1138 3944 apud
1160 3858 1361 3922 Herodotum
1380 3875 1419 3918 ce·

320 3971 470 4046 torosque
493 3961 667 4047 scriptores
688 3959 831 4037 Ionicos,
864 3959 910 4020 sic
930 3956 1081 4042 leguntur
1101 3957 1292 4042 Anaxagor.
1315 3965 1342 4022 5.
1362 3960 1419 4020 bel

323 4063 486 4146 7(saepe)
517 4060 655 4144 Diogen.
680 4065 708 4126 5.
750 4055 905 4121 Heraclii.
937 4062 984 4122 19.
1014 4061 1064 4124 96.
1106 4055 1284 4122 Democrit.
1317 4061 1360 4122 13.
1380 4055 1419 4132 59,
