3088 4966
82 677 185 720 corum
218 679 294 740 usu,
311 659 383 746 ¹qui
415 679 472 722 eas
499 679 596 726 voces
629 680 647 721 e
679 658 876 724 carminibus
910 662 1010 746 epicis
1043 684 1187 750 sumpse·

80 765 168 838 runt,
203 779 252 822 ex·
274 779 311 823 so
334 755 510 822 verisimile
532 766 596 830 est,
628 757 715 843 quod
746 770 817 824 eum
851 758 939 844 apud
970 770 1093 826 ceteros
1120 772 1189 826 turn

79 855 164 942 apud
196 857 376 922 Pindarum
406 879 472 920 non
500 855 654 922 Doricae»
675 859 856 922 invenimus
888 860 1011 924 formas
1042 861 1189 946 ipsorum

67 953 203 1018 'illorum
242 955 385 1022 locorum
417 957 452 1018 in
490 955 721 1042 consuetudine
756 957 883 1044 volgari
923 961 1091 1044 proprias,
1130 961 1187 1025 scd

85 1075 179 1118 voces
204 1054 332 1120 lonicae
364 1075 382 1118 e
408 1055 498 1140 poesi
530 1054 623 1140 spica
656 1053 786 1138 ductas3
820 1056 858 1122 cl.
886 1057 981 1143 Pyth.
1012 1058 1074 1141 IV,
1098 1064 1188 1126 ‘2052

80 1145 232 1236 φοίνισσα
263 1147 300 1216 δὲ
333 1146 542 1239 Θρηικίοιο
573 1145 678 1234 ἀγέλα
708 1148 846 1237 ταύρων.
888 1155 938 1220 Ita
961 1156 998 1220 lit
1027 1165 1063 1221 ut
1090 1159 1189 1222 etiam

79 1249 329 1338 Aristophanes,
362 1253 416 1338 qui
448 1251 644 1318 cotidianam
673 1251 861 1340 plerumque
894 1257 1189 1340 pronuntiationem

80 1353 236 1436 sequitur,
274 1353 306 1416 iu
347 1352 481 1416 canticis
519 1351 641 1418 melicis
676 1355 841 1438 praeferat
870 1353 1007 1420 formam
1042 1356 1187 1440 epicam3
1259 1345 1262 1352 ¹

79 1473 107 1515 v.
138 1472 163 1515 c.
193 1451 275 1516 Rau.
313 1456 387 1518 681:
426 1447 535 1513 δεινὸν
573 1445 818 1533 sordesceret!
848 1452 1002 1538 Θρῃκία
1037 1447 1187 1536 pattena,

79 1558 188 1617 cantra
215 1548 358 1643 Acharm
383 1553 454 1616 136:
484 1543 603 1630 χρόνον
630 1546 691 1631 μὲν
720 1543 781 1614 οὐκ
809 1541 850 1614 ἂν
877 1542 972 1637 ἦμεν,
990 1547 1025 1616 ἓν
1055 1550 1188 1649 Θρᾴκῃ

79 1641 191 1712 πολύν.
750 1703 753 1710 .
1155 1643 1160 1652 “

156 1747 195 1812 ln
218 1746 332 1812 eodem
359 1769 494 1814 numero
523 1747 744 1841 collocandum
777 1759 826 1814 est
847 1747 987 1832 τιῆρας
1006 1750 1096 1814 Pers.
1118 1757 1187 1832 662,

80 1850 161 1932 quee'
179 1869 247 1912 vox
269 1868 289 1910 a
307 1846 436 1932 volgari
457 1846 702 1914 Atheniensium
718 1848 949 1914 consuetudins
965 1849 1071 1914 aliena
1086 1848 1187 1914 multo

79 1947 180 2031 magis
202 1945 298 2012 deest
318 1947 508 2034 tragoediae
524 1948 716 2031 gravitatem
743 1971 840 2034 quam
863 1967 946 2033 quae
968 1949 1001 2010 in
1026 1947 1187 2012 cotidiano

79 2042 242 2109 hominum
264 2067 326 2109 usu
345 2055 415 2109 erat
436 2038 607 2124 πάροιθε)
831 2127 834 2132 Ι
1109 2129 1110 2137 ¹

160 2143 228 2208 Sed
250 2165 270 2208 a
290 2145 454 2209 nominum
483 2146 777 2210 terminatione
806 2146 917 2231 utique
943 2144 1036 2210 abest
1063 2145 1188 2230 specics

79 2242 202 2322 Ionica;
224 2253 311 2308 recte
331 2245 431 2328 igitur
454 2265 471 2306 e
492 2243 617 2308 duobus
638 2243 860 2308 diverbiorum
874 2243 973 2325 locis,=
987 2244 1103 2329 Agam.
1120 2249 1188 2310 577.

80 2343 367 2430 etOhoeph.1046.
388 2341 529 2418 ¹editores
551 2352 758 2408 removerunt
777 2336 927 2427 Τροίην
943 2334 1188 2425 οιἈργείηκ

160 2443 320 2507 Secuntur
341 2439 497 2506 nonnulla
517 2440 675 2506 vocabula
697 2465 780 2528 quae
807 2465 880 2506 curn
907 2443 982 2528 ipsa
1007 2441 1040 2508 iu
1055 2463 1189 2516 'omnem

82 2544 186 2626 poesis
207 2561 301 2604 nsum
322 2549 455 2624 recepta
482 2549 602 2621 esseut,
635 2549 779 2627 propter·
798 2541 962 2606 diversam
983 2561 1189 2610 numerorum

82 2640 354 2728 opportunitatem
390 2640 524 2722 tragicis
562 2661 691 2729 quoque
733 2641 838 2726 poetis
878 2639 1082 2704 vehementer
1116 2660 1189 2724 pro·

81 2737 155 2804 bata
176 2741 254 2804 sint:

159 2830 316 2912 πτόλις
335 2835 519 2922 Aeschylus
550 2846 581 2900 et
601 2837 777 2922 Euripides
811 2844 908 2922 prout
941 2837 1037 2902 metri
1066 2837 1191 2900 ratione

81 2935 300 3002 commendari
327 2935 514 3017 videbatur,
546 2935 698 3000 dixerunt
728 2958 788 3021 pro
816 2927 931 3008 πόλιςς
963 2957 1028 3000 non
1059 2937 1105 3000 ita
1133 2933 1188 3000 So·

81 3034 227 3119 phocles,
259 3037 314 3122 qui
344 3055 384 3100 ne
407 3035 441 3098 in
463 3035 660 3100 canticorum
685 3032 814 3118 quidem
835 3036 958 3100 maiore
979 3033 1129 3098 libertate
1152 3055 1190 3098 ea

81 3157 159 3200 voce
180 3135 290 3200 utitur.
601 3203 603 3208 ,

159 3233 246 3298 Item
271 3232 386 3298 horum
411 3231 547 3298 duorum
576 3241 745 3320 poetarum
773 3232 942 3318 proprium
972 3239 1021 3294 est
1041 3223 1190 3314 πολιή-

81 3355 164 3416 της,
188 3334 295 3398 forma
311 3333 404 3418 spica
419 3333 509 3397 vocis
527 3325 677 3416 πολίτης,
694 3333 761 3398 iam
778 3353 798 3396 a
813 3333 918 3417 poetis
934 3329 1190 3416 iambographis‚

82 3443 115 3497 ut
135 3431 302 3500 Simonide
310 3431 383 3520 ,¹³⁹)
410 3442 585 3518 usurpata,
616 3430 778 3516 Aeschylo
802 3440 833 3494 et
856 3428 1010 3516 Euripidi
1032 3451 1096 3493 non
1118 3451 1190 3514 pro·

81 3530 157 3599 bata
178 3531 244 3596 nisi
270 3533 304 3594 in
331 3531 530 3599 carminibus
552 3530 688 3596 melicis:

121 3631 213 3698 Pers.
234 3635 310 3698 556:
337 3623 494 3711 τόξαρχος
515 3623 750 3716 πολιήταις.
780 3691 782 3694 ,

121 3729 201 3796 Eur.
220 3728 271 3795 El.
294 3733 367 3794 119:
394 3723 605 3816 κικλήσκουσι
629 3727 666 3793 ds'
687 3723 720 3811 μ’
744 3719 871 3792 ἀθλίαν
890 3727 894 3809 Ι
911 3717 1094 3807 Ἠλέκτραν
1116 3744 1192 3785 πο-

82 3825 224 3915 λιῆται

134 4049 192 4110 138)
210 4041 371 4100 Dindorfius
388 4043 514 4114 volgares
532 4043 663 4114 praetulit
680 4060 761 4098 voces
774 4043 892 4101 Ἀσιᾶτις
910 4045 938 4096 et
955 4038 1047 4112 τιάρα.

135 4131 192 4188 139)
212 4128 254 4184 Cf.
271 4129 373 4185 Athen.
392 4145 420 4200 p.
439 4131 487 4182 573
505 4125 542 4182 D.
