3034 4964
875 437 915 498 52

800 503 805 512 .
826 503 830 512 .

342 619 403 682 252
425 617 520 693 (coni.
543 613 594 691 B.)
615 618 688 681 270.
708 619 779 682 296.
801 621 871 685 405.
893 622 964 684 406.
986 619 1057 686 682.
1077 618 1148 683 690.
1169 619 1241 683 694.
1270 619 1437 685 10861238

341 719 422 801 (mp)
443 714 521 781 Sim.
543 721 574 797 7,
596 717 645 778 69.
665 712 729 780 Α5.
750 723 822 780 tetr.
846 721 876 798 5,
897 720 925 783 6.
1031 739 1034 750 ·
1508 791 1509 796 1

401 814 612 882 Homericam
625 814 664 890 ¹⁰)
687 813 954 880 consuetudinem
976 814 1139 900 expressit
1159 813 1305 900 Theogn.
1327 819 1382 882 466
1401 807 1439 900 (3,

342 913 382 997 A,
402 906 480 978 ἔθει
500 913 575 997 ΚΟ,
597 905 649 978 ἔοι
669 911 741 991 ι51.)
763 921 796 978 et
820 919 900 981 1354
921 918 1000 1001 (mp)
1022 913 1079 978 ubi
1101 907 1283 1000 551115-
1306 914 1440 980 Formam

345 1001 433 1094 ὦμεν
457 1012 603 1098 Theogn.
620 1016 689 1080 595.
706 1018 775 1080 597.
794 1018 873 1081 1243
895 1018 976 1100 (mp)
996 1015 1032 1078 in
1052 1006 1158 1094 ἕωμεν
1177 1012 1365 1079 mutandam
1384 1034 1441 1077 esse

346 1135 447 1200 supra
469 1111 500 1191 (l
524 1120 564 1192 c.)
584 1112 742 1178 monitum
762 1119 819 1176 est
1508 1149 1509 1200 ,

242 1210 244 1216 ’
322 1212 326 1219 ’
405 1210 556 1299 Optativi
581 1212 706 1278 formae
731 1210 792 1276 hae
817 1208 984 1296 leguntur:
1016 1203 1087 1298 εἴην
1117 1212 1263 1313 Theogn.
1288 1216 1355 1280 653.
1386 1203 1441 1295 εἴης
1508 1201 1509 1252 i

345 1318 435 1378 1177.
457 1303 581 1395 ei'qo3c
604 1316 673 1376 715.
696 1302 748 1394 εἴη
775 1310 859 1376 Xen.
880 1316 910 1394 2,
932 1316 961 1377 6.
987 1317 1034 1379 19.
1067 1312 1160 1428 Tyrt
1182 1318 1236 1395 12,
1257 1321 1288 1382 5.
1316 1310 1442 1396 Theogn.

339 1409 813 1478 ’349.979.1153515.Α551ι
835 1419 908 1476 tetr.
932 1417 1034 1493 58,3.
1057 1398 1124 1475 εἷεν
1145 1361 1290 1498 Thedgn.
1313 1418 1378 1479 327.
1508 1485 1509 1500 ,

405 1501 589 1574 Formss''
566 1530 645 1585 εοις,
669 1501 721 1572 ἔοι
744 1531 827 1594 quae
846 1511 1130 1598 coniugationem
1121 1534 1156 1578 m
1169 1533 1196 1574 ω
1214 1521 1372 1594 secuntur,
1390 1530 1443 1574 555
1508 1575 1509 1580 ,

344 1609 463 1675 inveni.
1507 1615 1509 1644 l

405 1696 860 1794 1555511555150555555
884 1707 1028 1796 Theogn.
1051 1715 1120 1776 301.
1143 1702 1225 1774 ἔστω
1248 1717 1319 1778 465.
1507 1765 1509 1826 ,

408 1806 594 1895 Imperfecti
616 1807 741 1893 species
768 1828 833 1871 non
860 1817 926 1871 tam
951 1808 1046 1872 varia
1072 1817 1141 1890 551,
1169 1830 1266 1894 quam
1288 1807 1374 1895 apud
1391 1806 1445 1870 Hc
1508 1817 1509 1830 ¹

346 1929 489 1991 morum;
520 1914 710 1993 comparent
737 1905 821 1970 enim
840 1915 966 1972 tantum
987 1894 1080 1992 ἦσθα
1102 1906 1249 1993 Theogn.
1275 1913 1353 1976 1314
1372 1912 1444 1992 (mp)

345 1995 566 2092 MTheogn
583 2011 651 2074 700.
670 2008 738 2074 788.
755 2009 824 2070 900.
846 2004 946 2071 Arch.
964 2011 1013 2088 32,
1028 2011 1062 2088 2,
1087 2011 1163 2089 126,
1183 2011 1250 2074 139.
1273 2006 1352 2074 Sim.
1371 2013 1445 2089 16,2
1507 2031 1508 2064 ι

345 2105 446 2194 Hipp.
471 2111 521 2189 38,
545 2112 576 2186 1,
604 2110 653 2186 51,
675 2112 705 2171 4.
728 2103 829 2168 Aroh.
852 2111 909 2172 115
932 2125 1060 2192 quoque
1081 2106 1243 2190 cogimur,
1276 2092 1445 2189 5155ςῆ1
1507 2111 1508 2126 ³

346 2201 402 2270 ἐπ’
424 2199 506 2292 ἥβης
532 2203 662 2269 tertiam
690 2225 865 2290 personam
890 2203 1131 2292 intellegamus,
1164 2227 1237 2270 cum
1259 2204 1354 2270 Iones
1377 2206 1445 2268 151.

344 2329 394 2392 ps.
417 2298 456 2368 ἔα
478 2304 588 2369 dicere
606 2302 836 2379 videantur.¹¹)
856 2339 898 2350 -
927 2296 1021 2367 ἔσκεν
1038 2304 1150 2370 Mimn.
1174 2311 1221 2388 14,
1246 2312 1293 2372 10.
1316 2341 1353 2350 -
1380 2293 1446 2389 ἦσαν

346 2403 430 2470 Xen.
453 2410 482 2486 3,
504 2409 539 2486 2,
562 2409 592 2485 7,
614 2408 642 2470 3.
1506 2365 1509 2471 1

407 2503 517 2567 Etiam
557 2501 620 2566 hoc
658 2499 730 2566 looo
766 2523 897 2566 monere
937 2525 1002 2568 non
1037 2501 1225 2589 neglegam,
1264 2511 1445 2590 quantopere
1506 2493 1507 2510 ¹

348 2601 514 2687 Theognis
537 2622 557 2665 5
576 2600 783 2718 popularium
813 2601 939 2666 ratione
962 2601 1153 2686 desciverit;
1185 2601 1243 2668 illa
1263 2604 1350 2668 enim
1369 2601 1446 2686 flagi·

345 2700 438 2766 tabat
458 2700 596 2765 formam
617 2721 664 2784 ης,
688 2722 771 2786 quae
792 2701 900 2788 posita
921 2711 971 2766 est
991 2724 1052 2788 pro
1071 2693 1151 2786 ἤσι,
1179 2703 1200 2767 1.
1223 2724 1249 2767 5.
1273 2695 1390 2775 deo-m
1417 2687 1447 2784 ἦν

345 2801 452 2866 forma
470 2800 579 2886 potrus
601 2801 630 2863 3
653 2797 789 2885 pluralis
813 2799 1068 2885 significabatur,
1093 2793 1178 2867 of.'
1156 2823 1190 2864 5
1192 2821 1247 2864 55
1228 2824 1275 2867 -.ι

407 2898 591 2964 Infinitivus
615 2897 704 2985 apud
731 2897 894 2984 elegiacos
925 2899 1092 2985 epicorum
1122 2923 1211 2966 more
1242 2910 1371 2988 praeter
1394 2899 1446 2963 for·

346 3021 434 3064 marn
462 2986 547 3061 εἶναι
576 2995 673 3084 longe
702 2999 919 3079 usitatiorem,
950 2998 990 3063 of
1011 2997 1123 3065 Mimn.
1148 3007 1183 3082 5,
1205 3004 1234 3067 3.
1278 2999 1341 3066 Sol
1361 3006 1406 3080 27,
1424 3006 1446 3062 9.

346 3098 446 3164 Phoc.
472 3105 559 3181 4,1.
590 3097 735 3182 Theogn.
760 3101 827 3165 129.
851 3103 920 3166 405.
957 3102 1035 3199 1283
1064 3103 1144 3185 (mp)
1175 3107 1233 3164 etc.
1242 3098 1447 3184 ,longiorem

346 3191 487 3278 ἔμμεναι
512 3195 626 3280 habet,
662 3199 696 3261 15
724 3217 789 3284 qua
817 3197 929 3283 stirpis
956 3185 977 3259 5
1004 3219 1166 3264 consonae
1192 3219 1218 3278 μ
1250 3197 1446 3264 assimilatum

347 3306 413 3363 551.
434 3296 581 3380 Phoco,
606 3304 638 3370 13
662 3303 715 3379 14,
739 3303 786 3378 16,
811 3302 844 3379 1,
867 3295 932 3361 Sol.
958 3303 1005 3379 13,
1028 3303 1076 3364 39.

409 3396 576 3481 Theognis
596 3401 658 3463 960
678 3397 775 3460 etiam
796 3396 901 3460 forma
921 3395 1059 3460 Doridis
1079 3397 1215 3482 propria
1236 3383 1328 3476 εἶμεν
1351 3414 1446 3460 sccun-

348 3495 435 3560 dum
453 3493 579 3580 Bergki
608 3493 780 3560 editionem
809 3495 925 3578 utitur,
957 3517 1040 3582 quae
1066 3504 1145 3560 5515
1172 3504 1222 3560 551
1249 3518 1292 3559 ex
1319 3490 1446 3575 ἐσμεναι.

348 3593 413 3660 Sed
435 3604 637 3659 tamencum
655 3593 746 3658 nulla
769 3616 868 3659 causa
890 3595 948 3675 sit,
979 3617 1036 3659 cur
1058 3603 1187 3680 poetam
1215 3593 1259 3658 ab
1290 3595 1379 3681 spico
1398 3610 1446 3654 usu

348 3693 506 3759 defecisse
526 3701 675 3781 putemus
691 3716 730 3758 ao
746 3715 819 3760 cum
841 3696 1140 3780 praestantissimus
1161 3693 1284 3777 Αημεν
1300 3691 1445 3768 exhibeat,

349 3851 559 3862 —n—

400 3947 442 4014 to)
459 3944 501 4001 cf.
519 3943 640 3999 Ahrensi
657 3943 877 3998 dissertationem
893 3944 991 3999 insen:
1014 3943 1130 4014 „Ueber
1146 3945 1191 4000 die
1209 3944 1393 4017 conjugatiou
1408 3935 1447 3993 aul

347 4023 382 4102 pit
398 4030 436 4085 im
454 4030 565 4084 Homer.
583 4027 706 4096 Dialokt,
725 4027 907 4084 Nordhausen
929 4030 1021 4100 1838“,
1038 4047 1065 4099 p.
1085 4031 1126 4086 31.

400 4115 442 4182 11)
459 4111 576 4168 Bredov.
594 4117 644 4168 405
656 4128 714 4182 sqq.
