3148 4958
622 379 746 468 er-

93 557 243 622 contineri
267 555 324 622 sed
354 536 568 643 plurimarum
597 557 871 644 comparationem
900 554 1055 620 adhibere
1075 553 1201 635 debeat,

94 655 139 732 vel
158 657 312 720 acerrimi
335 678 445 722 corum
469 655 650 720 adversarii
672 656 780 722 facere
796 657 867 744 jam
889 677 953 719 non
968 664 1105 740 possunt
1126 655 1204 738 quin

94 753 277 823 concedant.
324 755 437 837 Quid?
459 756 534 842 Ipse
555 753 741 820 Lobeckius
769 777 922 840 magnam
951 755 1017 820 vim
1047 776 1086 818 ac
1114 763 1202 840 pote-

95 861 202 918 statem
214 853 259 920 ad
281 853 370 941 leges
384 855 516 940 linguae
530 855 789 941 perscrutandas
803 863 835 918 et
853 852 1063 918 illustrandas
1085 854 1119 918 in
1140 851 1204 916 illis

94 955 191 1018 inesse
212 953 317 1018 libere
339 955 506 1041 professus
528 963 585 1018 est.
1294 941 1299 954 ’

108 1105 110 1112 .
167 1053 245 1118 Jam
275 1075 373 1138 quum
402 1053 539 1120 dicimus
567 1053 768 1118 Graecorum
797 1053 927 1140 linguae
958 1053 1084 1139 copiam
1105 1051 1205 1116 fuisse

96 1151 253 1236 quondam
277 1175 410 1218 casuum
431 1154 604 1240 majorem,
631 1161 757 1216 tantum
789 1153 882 1217 abest
904 1160 939 1216 ut
961 1151 1001 1218 de
1023 1150 1205 1240 quindecim

95 1249 152 1314 illis
173 1251 308 1316 casibus
329 1254 506 1338 cogitemus
527 1273 608 1340 quos
630 1251 761 1336 linguae
782 1251 941 1332 Finnioae
960 1252 1113 1338 proprios
1135 1271 1206 1316 esse

96 1353 296 1433 grammatici
326 1351 442 1417 docent
462 1389 504 1400 -·
526 1352 567 1416 de
594 1351 793 1416 nominativo
820 1351 969 1435 genetivo
1002 1349 1206 1415 indefinitivo

97 1471 116 1512 s.
139 1451 296 1534 partitive
319 1453 455 1518 caritivo
477 1453 583 1516 essivo
611 1449 736 1515 illativo
757 1449 945 1514 comitativa
967 1447 1207 1532 instrumentali

97 1569 117 1612 s.
140 1548 321 1614 adverbiali
342 1552 483 1616 inessivo
507 1551 624 1616 elativo
648 1550 798 1614 adessivo
829 1547 973 1614 ablativo
1000 1550 1207 1635 prosecutivo

97 1646 220 1714 allativo
243 1651 417 1734 mutatico,
444 1673 539 1737 quem
573 1671 741 1714 numerum
769 1649 866 1712 etiam
897 1646 1091 1733 amplificari
1111 1669 1208 1733 posse

98 1747 254 1814 affirmant
263 1751 288 1826 3)
309 1783 349 1794 -
370 1759 406 1813 ut
430 1759 554 1838 septem
574 1748 647 1814 illos
670 1748 817 1814 dicamus
834 1746 1008 1811 admodum
1025 1749 1158 1812 vivaces
1173 1748 1207 1810 in

99 1847 273 1912 venerabili
293 1847 404 1933 lingua
417 1847 584 1912 Senserita
607 1869 690 1932 quae
704 1869 908 1932 conparens,
931 1855 966 1910 ut
980 1867 1208 1930 nonnunquam

99 1944 140 2025 fit,
162 1945 217 2008 sed
241 1967 335 2013 soror
357 1956 463 2012 aetate
484 1949 575 2034 prior
596 1946 748 2012 habenda
775 1955 824 2010 est
850 1945 1033 2029 linguarum
1054 1944 1208 2030 Indoger-

102 2047 308 2128 manicarum,
332 2045 448 2130 quibus
471 2055 535 2130 est,
557 2056 593 2111 ut
619 2069 691 2111 cum
714 2043 833 2110 Ovidio
856 2043 931 2108 Met.
952 2043 995 2124 ΙΙ,
1022 2049 1057 2110 13
1084 2042 1208 2132 lequar,

100 2140 213 2222 „facies
242 2167 306 2210 non
329 2145 479 2210 omnibus
501 2163 574 2228 una,‘
595 2168 656 2210 nec
679 2144 810 2208 diversa
829 2153 947 2225 tamen,
969 2141 1096 2232 qualem
1118 2141 1211 2206 decet

101 2244 355 2310 essesororum.“
397 2244 639 2325 Quaerentibus
661 2245 728 2330 jam
750 2252 881 2329 praeter
895 2243 1131 2306 nominativum
1152 2263 1210 2326 ge-

103 2341 237 2407 netivum
259 2342 406 2408 dativum
429 2346 650 2409 accusativum
677 2333 772 2408 nobis
795 2349 968 2407 occurrunt
987 2350 1019 2404 et
1042 2340 1211 2422 locativus,

105 2439 198 2526 qualis
222 2443 367 2511 cernitur
389 2444 423 2514 in
447 2435 537 2506 οἴκοι
558 2450 652 2526 moni,
669 2433 785 2523 ιχαμαί
810 2446 902 2518 lumi,
933 2451 965 2506 et
986 2442 1211 2504 instrumenta·
1264 2461 1267 2467 ’

105 2536 138 2602 lis
153 2536 284 2626 (πάντη)
307 2550 340 2608 et
360 2541 522 2608 ablativus
544 2542 584 2607 de
607 2565 670 2630 quo
692 2563 769 2607 mox
792 2539 887 2628 plura
910 2540 1062 2606 dicemus.
1107 2539 1211 2603 Voca-

105 2637 197 2722 tivus,
233 2663 329 2727 quem
356 2641 488 2727 linguae
516 2642 807 2728 Ind'cgermanicae
834 2642 867 2704 in
904 2639 1061 2725 singulari
1088 2647 1213 2702 tantum

107 2759 228 2804 numero
252 2749 308 2804 aut
321 2740 473 2806 thematis
493 2749 548 2806 aut
562 2740 754 2806 nominativi
769 2739 876 2805 forma
890 2738 1038 2804 indutum
1050 2737 1213 2818 exhibent,

112 2857 220 2921 agmen
242 2838 418 2923 clauderet,
439 2843 467 2905 si
488 2840 584 2906 modo
607 2850 693 2906 esset
714 2863 772 2906 cur
793 2841 827 2902 in
850 2861 981 2904 casuum
1003 2859 1137 2902 numero
1159 2858 1214 2922 po-

108 2946 228 3002 neretur
250 2973 288 2984 —
310 2938 345 3002 id
368 2939 454 3027 quod
474 2941 543 3004 fere
561 2939 632 3006 fieri
653 2939 734 3004 solet
755 2975 804 3021 -,
828 2959 899 3002 cum
927 2957 1031 3023 neque
1057 2937 1128 3022 ipse
1151 2935 1214 3000 suf-

108 3033 164 3100 fixo
185 3035 326 3121 quodem
349 3039 390 3102 sit
410 3039 564 3124 insignis,
597 3061 701 3122 neque
721 3060 838 3104 nomen
859 3035 939 3100 illud
959 3035 1045 3120 quod
1066 3037 1099 3098 in
1121 3056 1215 3100 voca-

108 3135 166 3200 tivo
187 3133 379 3202 collocatum
401 3159 473 3202 esse
494 3136 631 3202 dicimus
655 3159 795 3220 unquam
823 3135 944 3199 strictis
973 3133 1037 3197 illis
1059 3134 1215 3201 orationis
1274 3199 1278 3208 ,

108 3231 224 3318 legibus
252 3233 385 3300 obedire
398 3246 560 3302 recoctum
589 3237 654 3318 sit,
686 3235 744 3299 sed
763 3233 897 3300 liberius
931 3254 1058 3318 semper
1088 3232 1216 3318 interje-

109 3335 215 3398 ctionis
238 3335 343 3398 instar
366 3337 507 3400 sermoni
529 3334 689 3402 adiciatur
710 3333 763 3400 vel
785 3335 956 3406 inseratur.
969 3335 993 3408 ⁴)

184 3447 311 3529 Quibus
335 3451 492 3537 expositis
510 3435 703 3538 'priusquam
724 3449 888 3514 deformis
909 3449 944 3512 in
965 3467 1029 3523 -ως
1048 3455 1082 3511 et
1102 3467 1147 3507 -ω
1162 3433 1216 3510 ex-

109 3615 307 3626 Ιᾓ----ι

173 3717 197 3783 3)
218 3713 260 3770 ef.
282 3713 419 3786 Kellgren
430 3711 600 3784 Grundaiige
622 3713 671 3766 der
683 3710 751 3768 finn.
765 3711 881 3782 sprache
898 3727 925 3782 p.
943 3714 976 3766 49
988 3727 1047 3782 sqq.
1066 3740 1099 3750 —
1117 3707 1218 3784 Schlei-

112 3795 170 3850 cher
186 3795 385 3869 Compendium
405 3799 450 3868 ²p.
470 3801 527 3852 515.
657 3863 661 3872 ι

175 3883 200 3949 4)
219 3879 261 3938 ef.
279 3879 314 3936 G.
334 3881 449 3936 Curtius
479 3881 534 3934 Zur
555 3877 731 3951 chronologie
756 3879 804 3932 der
825 3877 976 3948 indogenn.
1003 3895 1057 3947 spr.
1081 3894 1108 3946 p.
1127 3881 1159 3944 66
1177 3893 1218 3946 sq.

112 3963 234 4020 abhandl.
254 3965 304 4020 der
327 3965 529 4036 philol-histor.
545 3965 582 4020 cl.
602 3965 650 4018 der
667 3963 694 4020 k.
718 3963 822 4016 saechs.
842 3961 986 4032 gesellsch.
1012 3961 1037 4014 d.
1064 3961 1218 4014 wissensch.

112 4049 171 4102 tom
187 4048 221 4104 V.
241 4065 286 4104 no.
304 4052 328 4102 3.
346 4067 373 4119 p.
393 4053 442 4104 250
461 4066 501 4120 sq.
