3070 4962
590 449 649 514 sor
706 547 710 556 Ι
797 407 801 418 ’

78 629 195 714 legitur:
214 622 248 692 ἐν
266 629 314 713 τῷ
336 623 481 714 προτέρα
503 636 552 712 93,
574 634 615 697 94
637 625 821 715 (acerbari)
843 636 927 713 97,3
949 627 1017 708 (ubi
1037 625 1119 693 falso
1132 627 1175 692 R.

79 728 197 813 scripsit
215 723 387 813 πρανηΐῳ),
410 731 459 811 98,
480 734 529 811 24,
551 751 635 818 quae
657 740 731 796 sunt
752 736 793 798 ex'
815 730 866 796 Ol.
889 733 938 813 87,
961 734 1050 798 3—4.
1073 731 1123 808 88,
1146 730 1173 790 2.

79 833 119 910 aa,
139 835 173 894 4.·
186 833 235 911 93,
260 833 347 894 1—2.
385 839 388 846 ·

127 960 198 1024 Jam
227 960 366 1044 vestigia
387 960 587 1048 'antiquioris
610 960 861 1043 consuetudinis,
884 981 957 1025 cum
979 958 1031 1023 vel
1053 966 1101 1024 tot
1121 979 1175 1022 an·
1261 1029 1263 1032 ,

78 1059 118 1121 nis
144 1067 217 1144 post
247 1057 398 1124 Solonem
427 1059 569 1124 nondum
599 1081 733 1146 prorsus
764 1060 926 1124 exstincta
946 1066 1069 1140 essent,
1102 1057 1176 1144 quis

78 1156 192 1221 tandem
213 1175 335 1243 negare
355 1157 488 1223 audebit
509 1158 607 1223 etiam
622 1160 696 1246 ipsa
711 1158 840 1232 Solonis
863 1165 968 1223 aetate
989 1180 1008 1242 η
1029 1153 1174 1222 vocalem

78 1255 186 1338 saltem,
208 1265 245 1321 ut
266 1257 312 1322 ita
334 1256 450 1340 dicam,
472 1258 644 1343 imperium
666 1257 831 1323 tenuisse?

127 1387 253 1453 Deinde
274 1388 362 1476 apud
377 1387 556 1476 Tyrtaeum
571 1391 791 1455 inveniuntur:
812 1391 845 1454 in
868 1387 1052 1454 embateriis
1076 1394 1124 1469 15,
1144 1393 1176 1452 1:

77 1480 227 1572 Σπάρτας,
250 1493 284 1554 2:
306 1485 473 1550 πολιατᾶν
489 1487 597 1562 (Dion.
614 1487 840 1574 chrysostomi
862 1488 987 1573 coddry
1010 1485 1175 1568 exhibent,

78 1587 109 1650 cf.
126 1597 233 1651 tamen
254 1586 386 1652 Pindar.
406 1587 518 1652 Isthm.
545 1587 578 1670 Ι,
602 1595 659 1670 51,
687 1587 744 1652 ubi
772 1597 821 1654 cst
842 1586 1009 1652 πολιατᾶν
1030 1585 1175 1650 Doricae

77 1687 181 1752 rationi
203 1687 462 1776 accomodatum
490 1686 585 1752 facile
613 1685 741 1752 librarii
762 1688 796 1752 in
817 1709 897 1752 voce
928 1709 970 1752 ex
992 1685 1087 1772 epica
1109 1682 1177 1748 dia-

77 1783 145 1850 lecto
168 1795 298 1874 sumpta
319 1785 362 1852 ad
383 1787 529 1852 Ionicam
546 1787 810 1853 consuetudinem
827 1787 980 1852 aberrare
1001 1789 1176 1871 poterant),

77 1891 102 1951 3:
121 1882 214 1971 λαιᾷ,
239 1893 272 1950 5:
302 1886 360 1960 τάς
381 1881 491 1962 ζωᾶς,
513 1890 548 1950 6:
571 1887 613 1972 τᾷ
633 1880 780 1971 Σπάρτα.
807 1885 889 1952 16*;
918 1877 1089 1966 Σπάρτας,
1114 1877 1175 1944 τὰν

77 1976 187 2069 κίνησιν
214 1985 275 2062 (sie
301 1993 388 2049 recte
409 1983 588 2070 Hephaest,
631 1984 704 2068 DE,
726 2008 801 2050 nam
833 1983 918 2071 qued
939 1983 1102 2068 Bergkius
1124 2003 1174 2046 re·

78 2083 149 2168 cepit
169 2075 316 2158 κίνασιν,
340 2079 594 2170 hyperdoricum
616 2093 665 2148 est
682 2086 717 2162 ⁸).
758 2083 795 2148 In
817 2082 867 2147 his
890 2080 1087 2148 carminibus
1109 2080 1172 2145 sor-

21 2213 27 2228 ·
77 2203 134 2247 mas
154 2181 293 2250 Doricas
314 2203 407 2246 nemo
429 2181 610 2248 mirabitur.
810 2173 812 2178 ⁵

125 2315 160 2380 ln
181 2313 299 2400 elegias
321 2313 559 2402 inquirentibus
581 2323 655 2379 ante
677 2314 786 2378 omnia
808 2311 1010 2399 seponendus
1033 2321 1081 2378 est
1103 2335 1174 2376 ver·

78 2435 120 2476 sus
147 2419 179 2498 3,
204 2421 237 2480 1:
268 2405 289 2476 ἆ
313 2407 558 2520 φρλοχρηματία
580 2405 737 2494 Σπάρταν
760 2405 839 2488 ὀλεῖ,
861 2435 902 2476 ex
924 2434 987 2499 quo
1008 2409 1089 2476 nihil
1112 2411 1175 2478 col-

79 2510 184 2597 ligitur,
207 2514 285 2600 quia
306 2513 410 2600 ipsius
431 2511 555 2580 oraculi
566 2511 722 2599 Delphici
741 2512 843 2578 verba
861 2513 1024 2577 continere
1047 2509 1174 2577 dicitur.

79 2609 161 2691 Quod
182 2621 219 2695 4,
242 2621 262 2679 4
296 2612 352 2678 ubi
379 2613 544 2680 Diodorus
572 2610 634 2676 Sic.
656 2609 755 2676 habet
776 2603 948 2695 Σπάρτης,
982 2609 1175 2676 Plutarchus

78 2731 109 2784 ας
127 2717 158 2788 (α
177 2710 273 2776 facile
297 2713 460 2798 corrumpi
481 2719 619 2799 poterat,
642 2711 794 2795 quoniam
811 2709 912 2776 Attici
931 2703 1067 2792 Σπάρτη
1090 2709 1176 2775 diee-

78 2806 169 2894 bant),
197 2811 268 2876 veri
290 2810 446 2876 dissimile
473 2832 538 2875 non
560 2817 608 2873 est
629 2817 760 2894 poetam
787 2810 890 2896 ipsius
911 2817 1018 2874 terrae
1039 2809 1185 2876 Laconi.

79 2929 125 2972 cae
144 2932 258 2976 nomen
285 2911 489 2974 immutatum
514 2909 654 2974 retinere
675 2907 826 2974 voluisse.
868 2908 945 2976 Jam
966 2917 1104 2972 restant:
1129 2915 1176 2990 10,

78 3012 103 3070 l:
123 2998 338 3091 descedentes
360 3009 487 3094 (optimi
507 3006 653 3093 Lycurgi
681 3007 774 3074 codd.
796 3007 854 3074 AB
877 2999 1100 3088 άνιαράτατον
1123 3029 1177 3071 ex·

78 3104 182 3191 hibent,
202 3107 291 3173 idem
311 3107 340 3172 L
362 3129 383 3172 a
404 3130 452 3194 pr.
475 3130 517 3172 m.
525 3157 533 3190 ,
555 3107 582 3172 P
605 3097 852 3191 άνιαρόταταν);
886 3113 939 3188 10,
965 3113 1015 3172 10:
1043 3097 1172 3191 άτιμίᾳ,

81 3211 122 3272 16:
148 3209 248 3294 φυγῆς
274 3199 422 3290 αἶσχρᾶςς
453 3212 582 3290 12,17:
612 3197 745 3290 αἶαχρᾶς
768 3201 805 3270 δὲ
828 3205 953 3294 moysi&
985 3211 1038 3286 11,
1061 3211 1093 3270 5:
1124 3200 1177 3283 ἑχ-

80 3299 310 3393 dodo-moggo.

130 3435 276 3527 Denique
308 3436 396 3526 apud
426 3436 649 3524 Theognidem
680 3437 797 3524 legitur
810 3437 860 3501 'in
881 3435 911 3502 A
933 3436 1062 3520 codice,
1095 3437 1177 3502 duce

80 3544 175 3600 nostro
195 3539 490 3625 praestantissimo:

132 3673 201 3737 256:
224 3671 363 3754 πρᾶγμα
382 3671 428 3748 (in
441 3668 550 3734 ΑΚΟ
573 3667 802 3755 bodfglmn,
822 3675 964 3734 ceterum
985 3690 1048 3732 vss.
1072 3672 1177 3749 255,6

81 3767 179 3850 procul
205 3769 304 3837 ¹dubio
328 3763 529 3854 Theognidis
557 3790 620 3834 non
644 3778 735 3852 sunt,
767 3767 824 3832 scd
844 3768 1046 3853 epigramma
1067 3765 1178 3830 Delia·
1202 3841 1203 3844 Ἴ

81 3872 169 3950 cum),
189 3874 260 3936 544:
294 3862 479 3952 πράγματι,
515 3873 589 3935 642:
624 3861 828 3951 πράγματος,
867 3871 960 3932 1051:
983 3859 1110 3954 πράξῃς
1132 3867 1153 3944 (’

83 4031 273 4046 m—

140 4108 372 4188 omum
