3034 4964
866 466 904 530 18

782 547 991 558 ann—n*

572 771 656 855 DE
689 773 1194 857 CONIUGATIONE.

833 945 862 1022 ὅ.
888 947 935 1008 16.

324 1105 384 1168 De
405 1103 544 1187 rebus,
560 1127 663 1190 quae
686 1115 876 1192 spectant
893 1103 942 1172 ad
959 1114 1082 1172 totam
1102 1105 1431 1192 coniugationem.

389 1277 417 1347 1)
439 1269 492 1334 De
514 1281 689 1356 augmento
710 1281 742 1336 et
763 1271 804 1336 de
824 1269 1090 1358 reduplicatione.

387 1367 532 1462 Esthoc
555 1371 661 1458 poe'tis
676 1368 794 1456 lyricis,
815 1391 886 1434 cum
909 1371 1011 1457 epicis
1033 1380 1064 1435 et
1077 1367 1244 1436 Herodoto
1266 1389 1431 1447 commune,

325 1478 360 1531 nt
382 1477 591 1552 augmentum
614 1468 701 1556 quod
723 1469 764 1534 ab
789 1470 915 1554 origine
938 1469 1129 1556 ponebatur,
1146 1467 1233 1533 haud
1257 1489 1332 1532 raro
1353 1465 1432 1532 omit-

325 1576 396 1630 tant
419 1568 450 1645 ¹).
495 1565 569 1646 Qua
590 1566 721 1632 licentia
744 1591 778 1632 se
801 1589 935 1654 prorsus
958 1566 1115 1632 abstinuit
1136 1567 1366 1654 Hippocrates,
1387 1565 1433 1650 qui

325 1665 445 1750 ubique
468 1689 539 1729 cum
559 1664 674 1748 Attica,
691 1665 829 1738 dialecto
851 1667 947 1749 t'aeit,
977 1667 1016 1732 cf.
1045 1665 1081 1732 Ο.
1108 1671 1179 1734 136:
1211 1659 1356 1729 statuum
1382 1669 1430 1729 091

327 1756 439 1830 εἴωθε.
457 1767 517 1830 599
538 1757 666 1850 ἓωράκῃ
681 1763 738 1829 ΕΙ
754 1788 784 1854 p.
803 1773 856 1834 161
882 1757 1004 1852 ἤρξατο
1024 1771 1079 1831 172
1101 1756 1250 1851 ἤρξαντο.
1271 1770 1326 1832 173
1341 1758 1433 1852 ᾑμορ-

326 1859 423 1947 ράγεε
449 1869 505 1929 194
533 1856 620 1944 ἑώρα
645 1871 703 1932 180
731 1855 821 1946 ᾤκει.
849 1863 947 1929 EIlI
970 1869 1030 1931 219
1059 1855 1197 1949 ἤθελες,
1226 1869 1283 1930 221
1315 1857 1433 1949 ἥπτετο.

325 1971 386 2032 230
409 1955 498 2046 ᾤκει.
531 1967 588 2029 201
621 1955 836 2046 παρωξύνθη.
870 1961 970 2046 VA3
999 1957 1182 2050 παρῄνεον,
1218 1971 1237 2030 5
1263 1954 1432 2044 ὠνόμασεν.

324 2061 415 2126 AAL
439 2069 473 2129 21
501 2054 758 2143 tatemerem
781 2061 832 2124 vel
853 2053 1012 2146 ἠδύνατοε
1034 2061 1095 2126 ΕΙ
1117 2085 1148 2148 p.
1173 2061 1433 2132 1801902111

326 2169 396 2231 202.
420 2165 488 2229 203.
511 2168 580 2227 210.
603 2163 681 2241 228,
707 2150 872 2245 ἠνώχλεον
892 2159 987 2226 ΕΠΙ
1008 2167 1079 2245 220,
1102 2171 1138 2226 ut
1163 2172 1293 2227 taceam
1313 2163 1354 2228 de
1373 2161 1431 2227 vul·

327 2263 401 2348 gari
423 2269 596 2347 augmento
620 2258 788 2346 syllabica.

389 2359 508 2448 Atque,
531 2368 567 2424 ut
588 2358 632 2423 ed
660 2357 788 2445 singula
808 2367 1028 2443 transeamus,
1059 2360 1146 2448 quod
1174 2359 1264 2447 apud
1285 2360 1433 2447 elegiacos

329 2469 537 2546 augmentum
578 2457 772 2546 syllabicum
804 2481 1037 2548 nonuunquam
1066 2459 1171 2542 deest,
1201 2459 1340 2526 Homeri
1371 2483 1433 2524 con-

329 2559 531 2625 suetudinem
560 2559 662 2622 secuti
692 2567 780 2640 suut;
809 2561 927 2623 etenim
955 2560 1053 2626 etiam
1073 2561 1107 2624 in
1138 2579 1237 2646 proso
1258 2559 1433 2625 Herodotea

329 2681 457 2744 semper
479 2658 558 2745 poni
580 2656 662 2722 solet
683 2662 821 2734 (tautum
848 2657 1201 2746 plusquamperfectum
1222 2669 1258 2724 ut
1279 2658 1366 2746 apud
1385 2656 1432 2721 At·

328 2759 412 2822 ticos
434 2755 597 2822 interdum
619 2758 844 2842 exceptionem
865 2759 1009 2843 patitur).

390 2857 597 2922 Exhibentur
613 2857 647 2920 in
663 2863 835 2943 poetarum
852 2855 1044 2942 fragmentis
1061 2855 1165 2921 verba
1180 2878 1264 2942 quae
1280 2865 1433 2922 secuntur:
1496 2917 1497 2926 ,

392 2955 493 3023 Call.
518 2963 545 3039 1,
570 2961 622 3022 15:
649 2953 753 3037 μοῖρα
774 2947 871 3033 κίχεν.
899 2955 1010 3042 Tyrt.
1041 2957 1274 3042 5,8φεῦγον.
1318 2955 1433 3019 Mimn.

331 3064 378 3139 14,
403 3063 438 3122 11
463 3047 601 3142 αὐγῇσιν
619 3057 624 3136 t
643 3047 763 3141 φέρετ’.
784 3091 826 3102 -
846 3053 925 3120 sol.
948 3061 977 3138 4,
1001 3061 1041 3123 29
1063 3048 1259 3140 ὑπέρθορεν.
1286 3055 1396 3120 Phoe.
1410 3057 1433 3130 3,

331 3165 363 3222 t:
396 3147 465 3218 ἀπὸ
497 3152 601 3218 τῶνδε
624 3149 756 3236 γένοντο
785 3153 932 3231 (Stobaei
953 3157 993 3217 'A
1015 3156 1097 3230 τῶν,
1132 3150 1265 3237 γένοντο
1291 3155 1330 3220 Α.
1353 3151 1434 3218 Voss.

328 3255 426 3320 Vind.
439 3253 514 3320 Ars.
530 3253 651 3338 Trinc,
675 3248 825 3336 ἐγένοντο
847 3251 885 3334 B,
909 3252 985 3318 olim
1007 3248 1132 3335 γένοντι
1153 3253 1238 3340 leg.).
1275 3253 1433 3336 Theogn.

328 3363 361 3420 5:
384 3350 452 3417 θεὰ
480 3348 564 3420 τέκε.
600 3361 637 3419 1-0
666 3347 821 3439 γήθησεν.
873 3358 931 3420 196
960 3345 1110 3436 τλήμονα
1139 3353 1226 3441 θῆκε
1259 3347 1345 3416 νόον.
1387 3353 1433 3416 123

327 3446 571 3536 κιβδηλότατον
598 3446 727 3536 ποίησε.
772 3456 832 3518 206
860 3444 1108 3535 ὕπερκρέμασεν
1143 3451 1289 3540 (scripsit
1315 3448 1432 3536 Bergk,

253 3591 258 3598 -
327 3546 556 3637 ὕπεκρέμαοεν
577 3551 654 3630 ΚΟ,
683 3547 909 3635 ἐπεκρὲμασεν
929 3553 1049 3632 ceteri).
1085 3549 1146 3621 2611
1166 3547 1259 3636 τέρεν
1280 3537 1432 3639 φθέγγενῖ

398 3804 423 3866 1)
440 3799 485 3857 Ι)ε
509 3817 562 3854 usu
585 3800 744 3856 Herodoteo
767 3803 885 3868 egerunt
910 3798 1027 3853 Brsdov.
1046 3817 1075 3870 p.
1095 3803 1144 3854 285
1162 3817 1221 3872 sqq.
1239 3804 1268 3854 et
1285 3792 1431 3866 Lumdyin

330 3883 547 3952 „Quaestionum
563 3885 597 3938 de
615 3885 680 3938 dial.
699 3885 765 3939 Her.
784 3898 844 3952 cap.
862 3881 895 3934 I“
915 3882 960 3949 (de
978 3873 1129 3952 augmento
1146 3881 1301 3952 temporali)
1321 3887 1348 3935 et
1364 3893 1430 3948 „cap
1495 3873 1496 3960 1

199 3985 203 3990 ·
327 3965 373 4018 ΙΙ“
390 3983 455 4038 pag.
476 3971 507 4021 28
527 3985 586 4038 sqq.
604 3969 649 4036 (de
668 3971 817 4038 augmento
842 3965 988 4035 syllabica)
1011 3966 1073 4020 edd.
1093 3965 1217 4020 Berolini
1242 3969 1306 4020 1844
1325 3968 1352 4017 et
1370 3960 1430 4025 1846.

328 4049 388 4103 Has
401 4050 549 4121 praecipue
565 4051 681 4122 respexi,
695 4069 757 4106 cum
770 4053 867 4103 auctor
883 4049 913 4102 in
930 4048 1103 4120 exponendis.
1116 4047 1233 4120 singulis
1244 4047 1329 4104 multo
1341 4043 1430 4102 maiore

329 4133 504 4203 simplicitate
523 4140 551 4188 et
570 4135 768 4206 perspicuitate
785 4150 869 4204 quam
886 4133 1039 4188 Bredovius
1056 4151 1123 4188 usus
1141 4133 1184 4188 sit
