3008 4968
825 384 886 447 232

754 467 961 476 -—.—....

297 558 390 643 epica
407 557 522 640 ferma,
543 556 654 624 Mimn.
677 565 715 640 9,
739 567 766 626 2.
811 559 874 626 Sol
901 567 955 644 13,
978 567 1033 628 44:
1056 553 1175 647 νηυσίν.
1223 568 1271 644 19,
1293 569 1325 630 3:
1348 559 1409 648 νηΐ.

297 655 462 741 Theognis
485 667 610 739 tamen,
638 659 787 742 quamvis
814 659 963 745 plurimis
985 660 1065 725 locis
1094 663 1258 747 acceperit
1285 664 1411 749 epicam
1490 665 1491 736 1

297 755 448 822 flectendi
468 759 636 838 rationem,
659 766 769 822 tamen
790 759 887 823 etiam
909 759 1034 824 Dorica
1056 783 1134 825 usus
1155 769 1205 824 est
1224 783 1273 827 vs.
1297 767 1357 829 680
1378 762 1411 826 in
1490 765 1491 790 ¹

298 855 375 916 ναῦν
393 855 501 936 ¹forma
521 855 597 930 (vid.
620 859 649 936 §-
673 863 713 933 6).
1490 845 1491 872 ¹

359 969 400 1045 Β)
421 969 475 1034 Ex
496 970 679 1034 nominibus
702 971 870 1055 anomalis,
892 997 976 1060 quae
996 997 1062 1040 non
1082 974 1125 1038 ad
1145 958 1243 1038 unsm
1265 975 1413 1040 eandem-

297 1091 360 1152 que
382 1069 518 1154 stirpem
537 1069 652 1133 referri
674 1081 819 1156 possunt,
842 1072 953 1136 inveni
974 1095 1057 1160 quae
1080 1082 1246 1138 secuntur:

362 1175 502 1268 Ἀΐδης.
555 1183 690 1248 Praeter
719 1183 841 1250 formas
868 1189 1045 1253 secundum
1076 1189 1209 1274 stirpem
1237 1191 1412 1252 auctiorem

295 1275 389 1346 Ἀΐδα
418 1283 538 1347 flexas:
563 1276 677 1347 'Altae
709 1279 853 1370 Theogn.
884 1292 955 1354 244.
985 1295 1053 1353 427.
1083 1293 1152 1354 906.
1194 1279 1327 1350 Ἀΐδεω
1351 1287 1412 1351 Sol.

298 1387 348 1464 24,
370 1387 399 1448 8.
443 1381 588 1467 Theogn.
610 1389 670 1451 703
699 1393 758 1450 etc.
788 1387 951 1451 invenitur
973 1389 1071 1451 etiam
1100 1388 1271 1471 genetivus
1285 1377 1414 1460 ’Ἄϊδος

299 1503 320 1543 a
342 1481 443 1565 stirpe
473 1479 624 1546 breviore
643 1473 732 1545 'Ai'd
764 1482 980 1567 derivandus,
1012 1487 1068 1572 qui
1103 1507 1145 1548 ex
1176 1486 1271 1570 epica
1303 1484 1416 1569 lingua·

300 1589 446 1666 sumptus
467 1589 524 1662 est,
546 1578 581 1643 id
602 1580 687 1667 quod
701 1580 754 1646 vel
768 1584 873 1668 magis
896 1583 1103 1648 confirmatur
1124 1582 1274 1666 formula,
1296 1585 1330 1648 in
1351 1605 1414 1668 qua

300 1689 481 1766 comparet:

362 1780 486 1880 κατέβη
510 1787 616 1874 δόμον
641 1786 772 1871 ’Ἄϊδος
799 1788 879 1859 εἴσω
895 1797 930 1882 ΙΙ.
974 1801 1013 1860 Λ
1035 1805 1095 1866 457
1102 1821 1110 1862 :
1132 1835 1174 1844 -
1195 1791 1334 1878 κατίμεν
1361 1791 1416 1862 δό-

299 1917 361 1978 μον
387 1885 504 1969 ’Ἀϊδος
524 1885 602 1957 εἰὀω
619 1893 654 1979 ΙΙ,
676 1903 712 1958 ut
733 1894 797 1960 alia
819 1898 974 1962 omittam.

364 2003 475 2098 ἀλκή.
518 2011 584 2074 Pro
607 2009 736 2096 vulgari
758 2008 868 2075 dativo
892 2003 979 2098 ἀλκῇ
1000 2013 1164 2076 invenitur
1186 2012 1332 2100 Theogn.
1355 2019 1412 2080 949

300 2111 406 2176 forma
427 2112 539 2198 spicae
554 2109 686 2194 linguae
704 2111 840 2196 propria
862 2103 940 2174 ἀλκὶ
962 2133 982 2175 a
999 2111 1101 2196 stirpe
1122 2102 1187 2172 ἅλκ
1205 2111 1410 2178 descendens.

302 2210 454 2276 Ceterum
475 2209 557 2274 haec
579 2231 706 2296 quoque
728 2207 846 2294 legitur
867 2210 901 2272 in
922 2209 1063 2274 formula
1084 2213 1193 2296 epica:

365 2321 497 2408 Νεβρὸν
530 2318 616 2401 ὑπὲξ
650 2317 795 2410 ἐλάφοιο
831 2319 932 2388 λέων
965 2314 1018 2400 dg
1047 2317 1151 2388 ἇλκῖ
1178 2319 1413 2406 nenos-tedet

302 2421 404 2487 ποσσὶ
425 2417 659 2506 accepsemas.
702 2423 859 2489 Ocnferas
882 2425 1024 2488 maxime
1046 2425 1075 2486 Ε
1095 2431 1163 2491 299.

358 2531 497 2624 Ἥρης.
540 2538 572 2603 Α
593 2541 694 2626 stirpe
721 2531 828 2622 ’Apes
860 2537 1069 2604 deducendae
1102 2549 1177 2605 sunt
1204 2540 1266 2604 hae
1292 2541 1412 2604 formae

302 2639 430 2703 Atticae
453 2647 484 2702 et
505 2639 636 2703 Ionicae
664 2638 811 2704 dialectis
841 2661 913 2702 cum
934 2639 1059 2702 Dorica
1089 2659 1292 2702 communes:
1322 2638 1410 2724 Tyrt.

303 2737 421 2802 embat.
446 2743 493 2819 16,
519 2745 549 2802 1:
564 2729 696 2818 ”Apsos
715 2737 903 2822 (Hephaest.
927 2737 1000 2818 DE,
1016 2737 1115 2822 vulgo
1130 2729 1290 2818 Ἄρεως).
1337 2737 1411 2801 Sim.

306 2844 332 2918 1,
358 2842 394 2903 13
416 2827 527 2917 ’Ἀρεῖ
552 2831 777 2921 δεδμημένοος
792 2835 803 2920 ΙΙ
832 2835 987 2914 (Brunck.
1010 2847 1041 2900 et
1061 2836 1182 2922 Bergk.
1196 2826 1324 2918 ”Αρει.).
1365 2835 1412 2898 Pi·

303 2934 415 2998 sandri
443 2935 481 2998 fr.
511 2943 545 3000 4:
573 2929 651 3014 ὀξὺν
671 2927 767 3020 ”App
798 2929 954 3016 συνάγων.
999 2934 1128 3000 Deinde
1155 2957 1196 2998 ex
1227 2937 1322 3023 epica
1350 2935 1411 2998 dia-

220 3082 224 3096 .
302 3034 386 3099 lecto
409 3035 572 3120 Tyrtaeus
596 3043 643 3117 11,
665 3025 835 3118 7”Αρηος
862 3034 1047 3120 genetivum
1075 3035 1200 3120 recepit
1226 3039 1288 3110 (est
1309 3055 1411 3098 neces·

304 3135 391 3198 saria
421 3134 528 3220 Tpupi
559 3135 746 3198 coniectura
773 3156 834 3219 pro
863 3125 909 3207 ὡς
929 3124 1097 3214 '‘Apsug),
1128 3134 1184 3219 qui
1212 3133 1254 3197 ad
1283 3135 1411 3219 stirpem

294 3225 408 3312 ’Ἆρον
430 3233 619 3298 referendus
639 3225 714 3314 est,
744 3255 841 3318 quam
863 3231 980 3298 Aecles
1003 3231 1045 3296 ad
1066 3253 1177 3296 omnes
1206 3254 1302 3296 casus
1332 3229 1411 3296 adhi-

303 3333 449 3398 buerunt.
494 3332 645 3418 Denique
673 3333 769 3396 tertia
802 3333 901 3417 stirps
926 3322 1025 3412 ”Apa
1059 3339 1225 3416 comparet
1252 3333 1287 3394 in
1313 3331 1410 3396 forma

294 3423 400 3516 ’Ἁρεω
421 3431 520 3496 Arch.
539 3441 579 3495 tr.
601 3437 640 3499 48
662 3452 823 3516 nusquam
844 3429 923 3493 alibi
942 3441 1082 3516 reperta.
1119 3421 1213 3514 ’Ἄρῃ
1235 3428 1409 3494 Ahrensius

302 3530 423 3595 Alcaeo
453 3531 602 3595 restituit.
645 3529 738 3594 Haec
766 3529 932 3611 formatio,
963 3552 1005 3594 ex
1028 3530 1145 3612 quain
1169 3529 1242 3592 aliis
1269 3526 1408 3592 dialectis

303 3633 445 3694 maxime
467 3629 672 3692 accusativus
694 3619 932 3713 frequentatur,
961 3639 1040 3694 nata
1070 3651 1140 3694 esse
1162 3627 1291 3693 videtur
1312 3650 1352 3692 ex
1373 3624 1408 3690 si·

303 3728 484 3792 militudine
505 3729 696 3792 nominativi
724 3728 834 3812 stirpis
856 3729 890 3790 in
913 3744 938 3796 σ,
955 3729 1103 3792 exeuntis
1126 3750 1199 3792 cum
1219 3726 1408 3801 nominative

303 3827 553 3892 masculinorum
576 3827 694 3912 prioris
717 3824 950 3892 declinationis.
1388 3832 1389 3836 ’

365 3926 533 3992 Similiter:

366 4019 581 4110 Λεπτίνης
602 4024 742 4090 nominis
765 4027 934 4110 genetivus
956 4023 997 4088 ab
1012 4021 1212 4102 Archilocho¹
1230 4033 1301 4090 tetr.
1325 4030 1370 4103 711,
1392 4024 1403 4082 l
