3070 4962
596 475 653 534 155

83 650 244 740 gutturalis
267 652 302 716 in
324 652 576 739 pronominibus·
593 661 624 715 ct
646 649 811 716 adverbiis
826 650 1079 736 interrogativis,
1101 671 1186 738 quae

82 753 110 816 in
135 752 246 816 ceteris
279 751 427 818 dialectis
456 775 483 814 ιι
517 773 661 818 consona
687 750 801 818 labiali
833 752 950 816 instrui
978 749 1091 814 solent.
1135 749 1183 812 Ne

84 850 233 936 elegiacos
256 851 401 935 quidem,
426 853 480 939 qui
501 853 632 917 Ionicae
660 851 767 936 gentis
798 861 908 932 erent,
937 850 988 914 his
1016 847 1186 914 sonnisse

83 950 235 1016 abstinere
256 950 409 1031 voluisse,
431 950 633 1016 demonstrat
641 949 866 1034 exemplorum
882 950 988 1036 copia,
1011 949 1045 1012 in
1068 946 1186 1036 quibus

83 1048 263 1114 straditum
287 1061 343 1115 est.
387 1049 582 1137 Quanquam
606 1071 680 1113 cum
708 1051 743 1114 in
771 1049 888 1116 horum
915 1058 984 1113 tum
1005 1048 1039 1112 in
1060 1045 1186 1112 iambo·

82 1147 271 1235 graphorum
304 1149 496 1234 fragmentis
536 1148 611 1214 libri
640 1149 772 1235 saepius
803 1170 831 1211 ιι
859 1147 995 1234 vulgare
1021 1145 1184 1212 exhibent.

83 1245 159 1326 Quid
181 1248 281 1332 igitur
304 1248 344 1312 de
365 1247 428 1314 hac
447 1248 669 1335 exemplorum
693 1250 777 1313 inter
805 1270 840 1312 se
862 1247 1085 1333 discrepantia
1106 1245 1187 1310 iudi·

83 1346 210 1410 candum
232 1349 284 1428 sit,
305 1349 483 1432 quaeritur.
527 1346 739 1414 Contenderit
753 1348 918 1434 quispiam
932 1345 1186 1432 iambogrnphos

82 1454 107 1508 et
124 1445 283 1532 elegiacos
304 1447 338 1511 in
360 1447 422 1512 hoc
441 1447 638 1512 remedium
660 1447 727 1511 fere
743 1445 850 1511 locum
872 1448 955 1510 inter
970 1445 1106 1510 Homeri
1129 1467 1187 1510 an-

82 1545 241 1632 tiquiorem
265 1555 297 1610 et
318 1549 531 1614 recentiorem
552 1545 665 1611 ladem
688 1547 845 1627 tenuisse,
872 1547 920 1610 ita
941 1553 977 1610 ut
998 1567 1017 1606 κ
1039 1551 1186 1630 guttura-

82 1643 131 1708 lem
153 1667 212 1731 per
234 1665 337 1709 annos
357 1644 448 1712 illam
469 1645 600 1733 quidem
620 1653 733 1710 natam
754 1655 786 1709 et
807 1645 902 1732 quasi
923 1645 1016 1731 regni
1031 1652 1186 1731 appeten·

81 1753 148 1824 tem,
184 1743 372 1808 sed'tamen
402 1767 485 1832 quae
515 1745 660 1810 nondum
686 1767 820 1832 prorsus
846 1745 1063 1832 antiquiorem
1091 1765 1187 1808 usum

82 1841 181 1908 tollere
204 1844 371 1929 potuisset,
395 1852 528 1929 praeter
540 1843 693 1910 labialem
704 1853 911 1931 usurparent.
954 1843 999 1908 At
1013 1842 1094 1908 haec
1117 1864 1186 1906 sen-

82 1943 177 2023 tentia,
200 1951 235 2005 ut
256 1941 355 2006 ullam
376 1942 618 2028 probabilitatis
641 1945 783 2030 speciem
799 1943 861 2007 sibi
884 1965 1050 2008 assumere
1072 1943 1185 2029 possit,

82 2039 203 2106 nultum
224 2041 326 2108 abest.
369 2043 453 2106 Nam
474 2055 510 2108 ut
529 2065 628 2130 saepe
648 2043 720 2108 loco
741 2043 850 2127 ketg
871 2043 1089 2128 antiquiorum
1113 2063 1185 2106 oon·

83 2161 223 2206 sonarum
243 2141 455 2226 gutturalium
477 2143 512 2206 in
534 2141 665 2208 Graeca
691 2141 829 2230 aliisque
855 2141 975 2226 linguis
999 2164 1022 2228 p
1045 2149 1077 2206 et
1098 2139 1119 2204 b
1140 2139 1186 2205 la·

83 2235 170 2304 biales
193 2250 385 2327 comparent
396 2241 436 2323 ²),
465 2241 513 2306 sic
535 2242 634 2307 etiarn
660 2242 696 2306 in
724 2241 775 2306 his
803 2240 928 2307 voculis
957 2241 981 2305 k
1011 2263 1186 2306 consonam
1246 2283 1250 2294 ·

84 2337 117 2400 ab
132 2341 255 2425 origine
268 2339 369 2404 fuisse
387 2361 446 2404 nos
462 2339 576 2406 edocet
592 2341 778 2428 linguarum
789 2341 923 2422 intense
937 2340 1139 2428 comparatio
1154 2339 1187 2416 ³).

84 2433 163 2503 Unde
185 2441 266 2503 satis
289 2438 392 2505 elucet
411 2439 677 2528 iambogrephos,
700 2463 773 2506 oum
795 2441 893 2506 etiam
912 2463 1031 2528 prosae
1053 2441 1188 2527 scripto-

84 2557 133 2618 res,
152 2539 208 2624 qui
226 2537 395 2625 aliquanto
415 2549 489 2628 post
510 2542 668 2622 vixerint,
694 2562 767 2606 cnm
786 2540 936 2606 Phoenix
966 2539 1187 2626 Colophonius

84 2640 105 2714 t,
128 2643 160 2702 12
181 2631 305 2720 (ὅκου),
327 2645 364 2722 2,
391 2643 426 2706 18
447 2633 609 2724 (ὁκόσον),
641 2646 674 2723 2,
699 2645 737 2705 19
758 2631 925 2722 (gerdah,
958 2637 1109 2705 Herodes
1129 2639 1188 2703 mi·

85 2736 198 2803 niamb.
220 2743 239 2803 2
261 2732 374 2816 (ὅκως)
395 2741 562 2826 antiquam
588 2739 784 2826 gutturalem
809 2740 1021 2823 servaverint,
1042 2761 1107 2804 non
1131 2760 1188 2825 po-

84 2833 170 2900 tuisse
191 2859 217 2899 π
238 2836 352 2902 labiali
373 2840 430 2904 uti.
474 2839 530 2904 Ex
542 2839 746 2922 Callimachi,
770 2841 825 2926 qui
840 2839 1095 2926 iambographos
1117 2839 1188 2904 imi-

85 2941 156 2999 ntus
177 2946 240 3019 est,
272 2938 465 3024 fragmentis
495 2938 718 3004 choliambicis
740 2944 780 3006 85
802 2933 884 3002 ὅκου
906 2942 946 3006 93
965 2958 1041 3002 κοτε
1065 2937 1188 3015 (editio-

85 3031 124 3095 nis
144 3033 421 3116 Blomlieldianae)
443 3039 529 3104 idem
552 3037 769 3104 confirmatur.
809 3037 948 3103 Accedit
968 3038 1188 3103 testimonium

84 3136 275 3212 grammatici
299 3138 333 3201 in
361 3136 471 3204 liram.
499 3137 562 3204 An.
589 3137 653 3202 Ox.
680 3129 878 3221 Ι(“Ομήροο
906 3131 1123 3220 ἐπιμερισμοὶ
1143 3137 1188 3214 Κ)

85 3233 145 3296 247:
167 3233 253 3296 Κῶν·
280 3233 363 3311 ,,κοί
385 3239 464 3300 Κῶν
486 3231 697 3320 Εὐρυπύλοιο
713 3231 851 3301 πόλιν.“
876 3237 918 3312 (Β
933 3241 1007 3314 677)
1028 3227 1046 3321 ἡ
1069 3227 1188 3299 εὐθεῖα

85 3459 107 3512 ni
121 3461 205 3535 fallor,
222 3467 291 3521 locis
309 3469 440 3540 exeeptis)
461 3467 525 3522 libri
545 3469 574 3523 in
592 3469 686 3524 formis
705 3469 741 3524 ab
760 3469 775 3524 ὁ
794 3464 884 3524 vocali
902 3467 1098 3540 incipientibus
1116 3465 1187 3519 litte·

85 3559 133 3600 ram
148 3547 266 3606 ionicam
282 3558 448 3621 servarunt,
466 3553 496 3608 in
514 3555 612 3608 ceteris
631 3573 652 3606 π
669 3554 812 3625 vulgarem
832 3553 981 3624 praebent:
1002 3553 1043 3622 15[
1046 3551 1086 3621 17]
1105 3551 1186 3605 loeis:

87 3647 157 3686 ποτε
174 3632 203 3690 C.
224 3641 280 3692 ll'l.
302 3639 358 3692 172.
376 3641 435 3692 227.
456 3642 515 3694 402.
532 3637 599 3692 EHI
616 3656 644 3709 p.
664 3641 722 3692 205.
734 3643 793 3707 218,
811 3642 836 3693 8.
855 3637 909 3692 VA
926 3640 968 3692 62.
980 3635 1069 3690 AAL.
1088 3638 1122 3690 26
1141 3633 1189 3704 [ΕΙ

88 3727 109 3778 p.
129 3717 189 3786 1831.
206 3719 332 3790 [ποσόν
349 3719 396 3778 ΕΙ.
415 3739 442 3792 p.
465 3721 521 3792 183]
540 3741 590 3776 πιο
608 3721 688 3776 AAL
709 3727 739 3778 10
757 3743 827 3783 πως
844 3721 899 3777 VA
916 3723 957 3775 28.
983 3721 1041 3776 CV.
1063 3723 1103 3788 ll,
1122 3739 1189 3774 που

87 3791 129 3848 VA
136 3801 173 3854 28.
185 3805 222 3858 63.
234 3803 292 3858 GV.
307 3807 322 3858 3
337 3805 401 3873 (bis)
412 3824 420 3874 ς
432 3825 448 3858 κ
461 3805 652 3862 tantummodo
664 3805 743 3860 AAL
756 3811 786 3860 10
798 3805 826 3859 in
840 3824 898 3860 κου.
913 3803 1110 3875 Inscriptiones
1121 3804 1186 3858 nul-

89 3875 136 3932 lum
152 3883 278 3940 auxilium
295 3885 401 3958 ferunt,
419 3893 531 3944 omnino
555 3894 665 3944 tentum
682 3889 711 3942 in
728 3887 858 3959 Amphip.
880 3889 945 3941 2008
966 3905 1021 3942 που
1038 3887 1186 3956 invenitur,

87 3975 147 4029 qnae
162 3963 247 4022 forma
263 3975 337 4024 certe
354 3971 502 4027 recentiori
520 3973 605 4027 aetoti
623 3973 772 4027 tribuenda
790 3977 840 4027 est.

144 4051 168 4114 2)
185 4047 305 4109 lirundn.
324 4071 351 4126 p.
374 4059 424 4111 399
438 4073 497 4128 sqq.

145 4133 170 4198 3)
187 4132 247 4192 ibid.
265 4155 293 4209 p.
310 4143 361 4195 409
379 4157 420 4212 sq.
