3008 4968
523 449 730 545 „152-

136 630 180 696 he
201 631 375 698 deformis
396 629 438 695 ab
468 629 593 716 origine
620 653 686 695 non
715 631 890 696 contractis
920 627 1084 698 hactenus.
1128 631 1183 697 Vi-

86 731 201 796 deamus
231 754 317 796 nunc
336 729 378 794 de
399 731 463 812 eis,
486 731 520 794 in
542 729 658 817 quibus
681 732 841 815 genuinae
863 739 895 795 et
916 731 1068 818 antiquae
1090 730 1183 818 diph-

84 831 181 917 thongi
201 833 235 904 iu
259 829 404 917 singulas
425 828 556 895 vocales
579 829 783 913 dirimuntur,
798 833 867 895 sive
890 829 930 894 de
952 829 1091 896 diaerosi
1108 837 1184 917 (quo

84 933 196 996 nomine
216 930 316 1016 vulgo
341 931 439 995 etiam
463 927 539 994 illae
560 928 684 994 formae
705 927 786 994 falso
810 929 1038 1016 comprehendi
1060 929 1183 1006 solent).

85 1028 169 1094 (luins
188 1029 351 1095 vocalium
376 1029 555 1094 affectionis
582 1027 672 1115 apud
691 1027 945 1115 iamhographos
966 1051 1065 1118 unum
1088 1029 1189 1095 modo,

14 1135 17 1146 ’
84 1128 253 1216 exemplum
275 1127 561 1214 deprehendimus:
583 1125 681 1192 Arch.
703 1137 775 1193 tetr.
792 1134 832 1196 52
855 1119 960 1211 ὀϊζός,
983 1129 1021 1194 cs.
1039 1129 1183 1215 Theogn.

84 1232 114 1292 65
132 1218 264 1308 ὀϊζυροί.
307 1227 453 1292 Pertinet
483 1227 568 1292 enim
599 1227 642 1291 ad
669 1219 766 1303 α’ίζω,
795 1227 881 1314 quod
910 1238 959 1292 est
987 1249 1030 1293 ex
1050 1251 1185 1293 numero
1296 1231 1300 1252 ‘

84 1328 423 1412 onomatopo‘e'ticorum
453 1326 505 1405 (cf.
534 1319 680 1414 φεύ-ζα,
710 1319 851 1407 βαΰ-ζα,
874 1317 1026 1405 aluid-§co
1049 1333 1121 1397 etc.)
1143 1326 1185 1391 ab

83 1417 113 1484 ol
133 1426 352 1492 interiectione
380 1425 569 1512 profectum.
612 1425 844 1513 Diphthongus
873 1427 973 1512 igitur
1003 1449 1076 1491 cum
1105 1429 1186 1491 anti-

82 1543 151 1609 quae
173 1525 308 1610 originis
331 1525 381 1607 sit,
397 1545 478 1589 ansa
492 1523 677 1590 offensionis
694 1547 760 1591 non
780 1527 865 1591 inest
880 1527 914 1590 in
930 1517 1060 1606 οἰζυρὰς
1081 1525 1186 1590 forma

83 1619 147 1689 Sim.
169 1629 197 1706 7,
218 1630 266 1692 50.
288 1623 387 1690 Arch
416 1627 478 1690 inc.
503 1627 561 1690 129
583 1629 702 1706 (ιρις-1
744 1625 835 1690 Neve
858 1625 963 1711 magis
985 1623 1130 1690 offendas
1152 1627 1186 1689 in

82 1721 172 1785 κεῖται
195 1723 274 1788 Sim.
297 1730 326 1806 7,
347 1730 384 1806 4,
411 1745 471 1810 pro
493 1744 557 1808 quo
577 1745 695 1810 prosae
718 1726 905 1812 scriptores,
929 1747 1114 1812 quanquam
1134 1747 1186 1788 ra-

82 1819 128 1886 dix
148 1831 197 1887 est
218 1841 279 1904 κει,
302 1817 411 1887 κέεται
432 1831 603 1909 usurpant,
626 1823 727 1888 veluti
747 1824 906 1910 Hippocr.
932 1821 1023 1888 AAL
1052 1832 1084 1890 l:
1112 1818 1185 1886 κέε-

80 1940 135 1996 ιαι,
159 1928 194 1989 6:
216 1915 365 1986 κέεσθαι.
386 1923 497 1998 (etiam
518 1913 608 2001 ὀϊζὺς
635 1933 694 1990 etc.
717 1923 851 2001 dicunt.)
892 1923 1030 1994 Videtur
1056 1925 1186 1988 omnino

83 2017 228 2086 diaeresis
252 2022 398 2109 sequenti
420 2020 549 2086 demum
568 2031 715 2110 tempore
742 2024 776 2086 in
797 2021 877 2086 lade
905 2023 1011 2107 magis
1037 2023 1072 2085 in
1093 2045 1186 2086 usum

81 2122 197 2185 venisse
225 2120 401 2185 secundum
430 2120 612 2206 analogiam
640 2123 832 2201 formarum,
862 2121 896 2186 in
919 2119 1034 2208 quibus
1056 2120 1186 2186 vocales

83 2216 115 2282 ab
136 2221 261 2306 origine
283 2221 447 2284 seiunctae
469 2230 571 2286 erant.

131 2319 201 2384 Iam
224 2341 299 2384 oum
320 2320 429 2384 omnia
449 2319 599 2407 exempla
619 2320 797 2386 formarum
818 2319 869 2384 ab
882 2320 1007 2405 origine
1024 2341 1090 2385 non
1113 2341 1186 2385 con-

82 2422 248 2494 tractarum
276 2428 429 2484 accurate
464 2420 726 2503 consideramus,
764 2417 945 2505 colligimus
978 2420 1075 2485 Ionas
1106 2419 1187 2483 nihil

83 2513 256 2603 diligentius
283 2518 407 2604 fugisse
429 2541 528 2605 quam
556 2520 825 2602 contractionem,
855 2541 919 2605 qua
944 2541 1042 2584 unum
1064 2518 1187 2583 vocalis

83 2612 263 2682 elementum
293 2618 520 2704 exstinguitur.
565 2617 672 2700 Quam
696 2618 760 2684 late
787 2618 868 2684 hacc
889 2618 1086 2684 consuetudo
1108 2619 1187 2682 iam-

83 2710 315 2804 bographorum
346 2725 452 2784 aetate
480 2715 638 2805 patuerit,
677 2718 794 2786 docent
822 2709 907 2782 elisor
935 2728 968 2784 et
1002 2712 1101 2797 ζώϊοα
1131 2739 1187 2782 vo·

84 2813 198 2899 cabula,
219 2837 303 2903 quae
324 2839 365 2881 ne
387 2817 475 2904 apud
495 2819 691 2883 recentiores
713 2817 843 2906 quidem
866 2819 1042 2905 scriptores
1064 2817 1187 2882 solutae

83 2915 285 2999 reperiuntur.
330 2915 440 2980 Etiam
463 2909 552 3002 φάος
576 2916 640 2982 huc
661 2917 865 2982 referendum
888 2917 1016 2983 videtur
1031 2918 1080 2994 ²²).
1122 2917 1187 2982 Ita-

85 3029 137 3096 que
161 3023 246 3078 certe
273 3036 368 3079 nemo
396 3017 587 3080 temeritatis
616 3039 667 3082 me
696 3026 819 3103 arguet,
842 3017 897 3104 qui
918 3017 1040 3082 formas
1061 3025 1186 3081 contra·

84 3117 144 3174 ctas
165 3111 262 3200 culpa
277 3111 487 3179 librariorum
504 3125 599 3180 natas
615 3138 686 3180 esse
703 3137 860 3180 censeam.
903 3113 1015 3200 Neque
1036 3113 1188 3202 analogia

84 3205 201 3276 dialecti
221 3211 467 3300 Hippocrateae
495 3216 687 3280 sententiam
716 3237 821 3279 meam
844 3215 985 3283 refutare
1008 3213 1186 3280 conabitur.

83 3303 134 3372 Illa
159 3312 244 3376 enim
276 3309 371 3376 haud
396 3333 472 3378 raro
506 3315 759 3380 contractionem
790 3314 824 3379 in
856 3312 1013 3401 stirpibus
1044 3312 1186 3400 praebet.

86 3403 212 3495 Collegi:
239 3401 342 3493 αἴρω
366 3410 423 3478 Co.
449 3417 505 3479 165
528 3405 661 3497 ἐπαίρει
682 3418 743 3480 294
771 3407 921 3499 ἐπῆρται.
949 3418 1010 3480 413
1031 3405 1073 3498 ἢν
1094 3406 1188 3476 ἐπαί-

86 3525 178 3589 ρηιαι.
211 3503 496 3596 Ε1192ἔαῆρτο.
533 3517 591 3581 178
613 3504 829 3593 ἐπαιρόμενα.
874 3517 932 3580 169
954 3506 1091 3600 §copiosa
1130 3519 1187 3580 187

85 3600 150 3683 (bis)
172 3617 203 3672 et
227 3612 284 3674 194
313 3601 455 3695 ἐπήρθη.
502 3609 594 3675 AAL
620 3617 653 3677 6:
681 3607 759 3694 πρὶν
789 3603 857 3674 ἕνα
888 3603 1037 3698 ἀρθῆναι
1063 3601 1187 3676 ἆθλα.

85 3701 164 3771 AAL
187 3713 239 3777 23:
262 3699 341 3792 ᾠδή
368 3707 416 3774 ΕΙ
441 3713 506 3776 186.
547 3709 716 3776 Postremo
744 3704 802 3794 ἔαρ
831 3710 909 3775 dicit
931 3711 1061 3799 quidem
1087 3710 1187 3776 veluti

86 3797 228 3898 El·.160.
254 3805 323 3894 164,
343 3807 431 3874 Em
451 3814 521 3877 213.
537 3815 594 3877 221
614 3819 673 3876 etc.
702 3811 760 3876 sed
782 3820 891 3877 tamen
910 3798 1021 3896 ἦρος,
1043 3808 1095 3874 ΕΙ
1120 3818 1185 3878 164.

88 3952 281 3970 Ἢ*

146 4039 184 4101 221
205 4035 258 4093 πάϊ
283 4039 312 4092 in
338 4039 497 4094 Archilochi
523 4040 748 4114 -tetramotris
765 4041 891 4110 politicas
922 4039 1187 4094 diaeresiniouere

88 4117 444 4192 mahumedanorum
463 4123 625 4194 trisyllabae
643 4123 843 4178 contrahuntur
859 4123 942 4194 Hipp.
962 4127 985 4192 1,
1006 4128 1033 4194 ¹3
1054 4129 1092 4192 14,
1115 4129 1137 4180 1.
