3008 4968
856 495 913 558 192

392 666 487 747 Quod
520 679 626 735 autem
660 671 704 736 ad
733 671 869 740 alterum
901 676 1008 742 locum
1037 676 1167 758 attinet,
1199 695 1272 738 cum
1296 671 1424 756 Theogn.

329 770 398 836 533.
420 776 454 834 4:

384 915 386 928 .
452 864 554 953 χαίρω
578 861 607 932 o'
632 866 781 953 ἕμπίνων
802 870 859 937 καὶ
881 866 936 935 ὑπ’
961 865 1144 960 αὖλητῆρος
1166 863 1299 953 ἀείδων,

451 972 554 1050 χαίρω
577 961 607 1032 δ’
631 962 825 1058 ελφθογγον
844 968 935 1058 χερσὶ
956 967 1055 1060 λύρην
1077 964 1180 1051 ὀχέων

329 1065 518 1133 Archilochi
554 1091 625 1134 esse
657 1070 830 1142 videantur
845 1073 887 1150 25)
926 1074 1004 1158 „qui
1031 1073 1156 1159 primus
1189 1072 1261 1136 iure
1291 1068 1367 1132 haec
1395 1064 1427 1128 dc

270 1198 274 1206 ·
330 1189 364 1231 se
386 1168 578 1255 praedicare
605 1172 754 1256 poterat“
776 1172 939 1258 (Bergk),
966 1169 1142 1236 verisimile
1169 1179 1218 1234 est
1237 1166 1426 1232 Eustathium

211 1300 219 1320 ·
329 1276 361 1330 ct
381 1266 612 1356 Aristophanis
633 1269 841 1335 scholiastam
862 1272 918 1356 qui
938 1270 1041 1337 verba
1060 1269 1118 1334 illa
1139 1269 1294 1343 afferunt,
1318 1289 1356 1330 ex
1376 1263 1426 1326 ele-

329 1369 386 1452 gia
406 1366 563 1451 hausisse,
587 1368 644 1432 sed
666 1391 731 1434 nou
753 1381 914 1453 accurate,
929 1393 1003 1435 cum
1022 1368 1120 1434 modo
1139 1361 1208 1432 ὑπὸ
1230 1365 1426 1454 praepositio·

329 1469 380 1531 nis
402 1490 495 1532 usum
523 1469 731 1554 respicerent.
776 1470 881 1550 Quem
911 1491 1088 1536 consensus
1117 1466 1248 1534 illorum
1278 1475 1427 1530 auctorum

329 1567 476 1652 impedit,
497 1569 667 1652 quominus
690 1558 780 1652 ᾄδων
801 1570 939 1634 formam
962 1571 1106 1656 spuriam
1126 1567 1262 1649 habeat,
1284 1569 1312 1631 is
1334 1584 1427 1629 secum

329 1675 471 1753 reputet,
502 1677 622 1753 quanto
649 1669 753 1732 maior
781 1667 862 1732 fides
883 1671 1068 1734 contrariae
1097 1669 1275 1733 sententiae
1295 1665 1427 1760 addatur,

332 1789 405 1830 cum
419 1764 536 1830 Aeoles
557 1787 683 1853 quoque
698 1765 823 1850 Asiani,
843 1767 969 1852 Boeoti,
989 1769 1097 1834 Dores
1117 1767 1317 1854 antiquiores
1339 1761 1428 1828 soluta

331 1866 437 1930 forma
457 1875 642 1949 uterentur,
664 1875 700 1931 ut
719 1875 845 1930 taceam
867 1866 908 1931 de
929 1868 1059 1932 lonicae
1080 1888 1198 1954 prosae
1221 1861 1427 1951 scriptoribus.

331 1965 419 2046 Quin
441 1967 538 2030 ctiam
553 1965 773 2032 Callimachus
792 1968 831 2034 fr.
844 1973 884 2034 90
897 1965 1101 2046 (Blomfield.)
1110 1965 1260 2053 praebet:
1283 1954 1321 2027 οὐ
1337 1955 1428 2044 μάχην

330 2058 514 2147 ἅελόονταςΗ
536 2062 592 2152 τὴν
612 2057 856 2130 Βονπᾶλειον.·

392 2165 541 2252 Denique
569 2166 665 2229 tertio
695 2164 764 2230 loco
793 2164 943 2248 „credo“,
970 2175 1005 2230 ut
1027 2165 1170 2230 Meineki
1199 2161 1317 2240 verba,
1346 2162 1427 2225 etiam
1496 2201 1497 2270 ,

329 2263 473 2350 Bergkio
499 2264 567 2329 fere
598 2264 749 2352 probata,
772 2285 845 2329 mea
864 2265 999 2348 faciam,
1027 2266 1130 2349 „haec
1155 2262 1310 2328 Herodae
1337 2260 1428 2348 potius

331 2363 526 2430 ascribenda
549 2387 619 2429 esse
649 2385 746 2450 quam
767 2363 989 2452 Hipponacti,
1017 2387 1037 2428 a
1060 2365 1149 2429 cuius
1171 2363 1264 2451 poesi
1287 2357 1428 2427 eiusmodi

330 2461 511 2550 βιωφελεῖς
533 2466 711 2529 sententiae
733 2463 859 2528 alienae
882 2464 986 2529 sunt.“

391 2563 491 2650 Apud
523 2563 683 2648 elegiacos
712 2565 748 2628 in
775 2564 889 2628 formis
921 2565 1094 2638 contractis
1124 2585 1190 2628 non
1218 2560 1428 2628 offendendum

331 2674 388 2729 est.
430 2663 599 2750 Leguntur
621 2662 710 2750 apud
731 2685 802 2745 eos,
836 2663 893 2750 qui
913 2663 1043 2727 lonicae
1070 2663 1176 2748 gentis
1204 2671 1292 2727 sunt:
1324 2679 1430 2722 πενια-
1495 2659 1496 2682 ³

331 2757 463 2826 θλεύων
484 2772 516 2827 et
535 2759 737 2826 πενταθλεῖν
756 2761 839 2828 Xon.
862 2767 896 2841 2,
918 2769 947 2828 2.
972 2771 1020 2830 16.
1054 2754 1195 2842 [αὔξεται
1228 2761 1340 2825 Mimn.
1361 2765 1390 2841 2,
1407 2763 1430 2836 2,

331 2885 434 2949 neque
464 2853 580 2943 ἶν’ροιτο
601 2861 686 2928 Xan.
709 2867 738 2944 2,
761 2869 780 2926 7
801 2862 864 2926 hue
893 2863 1049 2948 pertinet,
1078 2885 1154 2927 nam
1183 2863 1251 2926 eius
1278 2860 1378 2937 radix,
1392 2865 1432 2921 est

332 2955 388 3045 ἀρ,
422 2962 461 3028 cf.
494 2952 674 3045 ὅρων-μαι
689 2957 753 3048 ²⁶).]
797 2959 942 3045 Theogn.
978 2967 1056 3028 1370
1087 2965 1166 3048 (inp)
1199 2955 1342 3047 ῥῄτερον.
1381 2961 1431 3023 939

331 3061 467 3142 (Mimn.)
488 3061 545 3126 uhi
576 3061 675 3148 vulgo
709 3051 830 3148 ᾇδέμεν
861 3059 1049 3146 legebatur,
1079 3062 1149 3125 iure
1181 3059 1431 3125 Schneidewinus
1494 3035 1495 3100 l

331 3163 475 3227 correxit
508 3153 672 3244 ἀειδέμεν.
730 3167 809 3228 1344
838 3166 918 3246 (mp)
947 3151 998 3222 ἔνι)
1034 3151 1172 3242 αὶκελίῳ
1200 3156 1302 3222 παιδὶ
1330 3153 1432 3237 δαμεὶς

332 3256 457 3349 ἐφάνην
486 3262 627 3326 conferri
657 3267 764 3346 potest
795 3255 1032 3344 quodammodo
1066 3281 1138 3324 cum
1170 3262 1207 3320 X
1226 3263 1287 3326 336
1321 3249 1431 3331 ἆ“ι“κως,·

332 3384 516 3449 quanquam
538 3361 686 3442 fortasse,
708 3350 760 3420 ἐπ’
784 3359 896 3440 eiecto,
918 3350 1073 3442 ἀεικελίῳ
1096 3357 1268 3444 legendum
1290 3366 1345 3422 est

395 3460 532 3547 Saepius
561 3459 661 3523 ceteri
691 3466 807 3544 poetae
834 3455 946 3535 (Solon
967 3469 999 3522 et
1019 3456 1197 3543 Theognis)
1226 3457 1431 3521 contractione

331 3569 478 3643 utuntur,
508 3557 548 3624 cf.
577 3558 723 3643 Theogn.
748 3561 819 3622 971.
846 3545 1168 3632 anatomicam,
1201 3558 1260 3624 887
1288 3543 1358 3635 οὖς,
1382 3552 1432 3616 958

329 3654 466 3747 χρῄζων,
485 3666 543 3726 501
567 3647 679 3743 ἤρατο,
697 3657 750 3734 (cf.
762 3656 897 3742 Bergk.)
913 3663 973 3724 030
992 3647 1123 3738 ἐξαίρει,
1144 3660 1237 3723 10973
1253 3647 1431 3736 ἐπαίρομαι.

332 3765 392 3830 ’156
414 3753 573 3846 σώφρων,
605 3778 669 3845 qua
689 3756 794 3822 forma
815 3753 978 3819 Homerus
1004 3755 1134 3843 quidem
1155 3777 1222 3820 non
1242 3755 1358 3830 utitur,
1384 3745 1431 3815 sed

400 4011 443 4076 25)
461 4007 552 4062 Etiam
570 4005 697 4076 Theogn.
717 4006 789 4058 1229.
808 4007 840 4058 30
861 4007 935 4056 certe
955 4001 1114 4056 Archilochi
1131 4004 1205 4056 sunt.
1239 4001 1332 4056 Petita
1350 3998 1429 4053 viden·

336 4097 381 4146 tur
399 4109 432 4146 ex
449 4091 544 4163 elegiis
563 4090 653 4164 ,πρὸς
670 4087 827 4161 Περικλέα(ι
846 4085 992 4157 inscriptis.
1012 4123 1014 4128 -

399 4179 442 4244 ns)
461 4175 583 4231 oranda.
603 4177 659 4227 305.
678 4175 701 4226 c.
