3088 4966
845 437 906 500 212

402 613 509 702 Atque
530 605 746 699 Ἀθηναία
778 638 850 700 cum
878 625 952 682 ante
982 615 1154 682 Euclidem
1185 617 1371 682 archontem
1399 617 1429 680 in

328 711 594 800 inscriptionibus
607 713 725 779 Atticis
747 713 851 778 solum
873 717 1042 800 regnet,⁴¹)
1063 726 1179 804 postea
1200 717 1329 781 demum
1351 739 1430 780 com·

321 822 463 878 mutetur
485 836 558 876 cnm
568 803 735 898 Ἀθηναία
750 825 781 878 et
792 803 945 898 Ἀθηνᾶ,
968 837 1062 880 nemo
1078 817 1205 880 sanein
1221 817 1433 901 suspicionem

322 913 490 976 vocaverit
505 933 575 976 eam
599 913 803 1000 scripturam.
830 913 942 998 Neque
957 913 1040 978 enim
1056 924 1194 996 constat,
1213 937 1291 981 num
1305 915 1431 979 omnino

321 1001 491 1096 poetarum
506 1011 704 1096 tragicorum
718 1020 863 1098 tempore
877 1013 944 1076 iam
960 1013 1122 1078 exstiterit
1135 1014 1239 1078 forma
1254 1005 1427 1098 Ἀθηνάα,

322 1109 413 1173 cuius
432 1111 589 1196 primum,
623 1119 778 1196 quantum
806 1111 923 1193 sciam,
957 1111 1140 1198 exemplum
1161 1113 1326 1178 invenitur
1349 1111 1385 1177 O.
1413 1113 1434 1174 1.

319 1231 350 1272 n.
377 1214 444 1290 150,
466 1231 508 1272 ex
529 1208 569 1273 ol.
591 1215 649 1291 95,
677 1215 711 1292 33
733 1232 838 1296 neque
860 1212 887 1274 si
909 1212 1042 1294 exstitit,
1064 1213 1099 1274 in
1119 1209 1204 1276 hunc
1224 1210 1332 1275 locum
1358 1233 1428 1274 con-

320 1309 424 1390 venit,
455 1309 576 1396 quippe
602 1331 684 1392 quae
705 1307 798 1372 brevi
820 1308 927 1374 vocali
946 1311 1131 1376 necessario
1153 1310 1435 1396 pronuntieturfl)

323 1444 364 1452 -
386 1399 538 1472 Ceterum
557 1409 761 1492 grammatici
789 1407 948 1474 eiusmodi
970 1407 1133 1474 adiectiva
1155 1408 1435 1474 substantivorum

322 1505 428 1570 locum
448 1505 627 1570 obtinentia
641 1506 760 1570 Atticis
783 1519 912 1593 praeter
934 1517 1058 1572 ceteras
1077 1507 1233 1572 dialectos
1250 1507 1436 1590 vindicant3

323 1605 362 1670 cf.
385 1605 491 1670 Bekk.
514 1604 636 1670 Anecd.
660 1629 691 1691 p.
716 1611 769 1674 73:
796 1599 936 1688 ὡραίαν·
963 1603 1026 1690 την
1051 1601 1157 1686 ὥραν·
1186 1601 1207 1692 ἡ
1234 1601 1271 1680 δὲ
1298 1600 1436 1690 τοιαύτη
1528 1659 1529 1672 .

318 1699 424 1790 τροπὴ
435 1695 611 1780 'Amazon
627 1697 714 1768 tota·
733 1695 1074 1790 Ἀθηνᾶ’.4οηναία,
1092 1697 1147 1788 ἴση
1162 1697 1262 1771 iouia.
1286 1705 1369 1771 ibid.
1384 1711 1437 1770 22:
1528 1711 1529 1778 ἶ

320 1795 484 1882 ἁλμαίαν·
505 1797 561 1888 τὴν
580 1798 704 1889 ἅλμην·
731 1797 776 1879 ὡς
793 1795 935 1888 Ἀθηνᾶ
954 1795 1149 1889 Ἀθηναία,
1177 1799 1265 1890 πύλη
1293 1797 1435 1879 πολαία,
1528 1833 1529 1880 ,

298 1895 391 1982 1ὥρα
420 1894 536 1982 ὡραία.
581 1902 686 1968 Schol.
710 1903 753 1966 ad
783 1903 866 1969 Nub.
894 1911 970 1972 614:
1001 1896 1173 1968 Ἀττικῶν
1203 1897 1272 1966 ἔστι
1300 1897 1439 1987 κτητικᾶ

319 1994 503 2082 λαμβάνειν
524 1993 596 2088 deri
618 1995 859 2086 πρωτοτύπων,
896 1995 941 2078 ὡς
962 1997 1018 2065 καὶ
1046 1999 1235 2089 παρθενικὴ
1255 1998 1276 2086 ἡ
1301 1997 1437 2086 παρθέ-

318 2120 385 2174 νος.
398 2101 439 2177 43)
490 2101 651 2170 Nimirum
683 2101 865 2189 supplenda
896 2111 971 2170 sunt
1002 2101 1084 2168 haec
1116 2103 1183 2166 fere
1213 2102 1435 2168 substantiva:

318 2188 497 2284 Ἀθηναία
520 2194 597 2278 deci,
609 2196 791 2266 Λακωνικὲ
804 2193 891 2282 ὄναρ,
914 2198 1100 2288 παρθενικὴ
1122 2204 1229 2287 νεῆνις
1250 2211 1299 2279 (ut
1312 2201 1435 2286 Odyss.

318 2320 349 2381 η,
374 2304 441 2380 20),
472 2295 601 2363 πολαία
621 2294 731 2384 τέχνη,
763 2293 871 2382 ὡραία
899 2295 968 2380 ὥρα
996 2307 1044 2376 (ut
1069 2300 1159 2365 Aret.
1191 2303 1272 2386 sign.
1302 2299 1384 2365 diut
1410 2307 1434 2380 1,

319 2403 348 2480 4,
380 2404 446 2481 73),
476 2389 570 2462 ἶααία
596 2392 708 2480 μοίρα.
753 2399 957 2490 Quamquam
980 2389 1155 2482 'Adryasin
1182 2409 1214 2464 et
1242 2392 1434 2482 accederint}

318 2498 439 2560 iamin
457 2497 594 2564 Homeri
616 2497 813 2563 carminibus
835 2499 1059 2566 inveniuntur.

402 2594 467 2660 Sed
488 2619 548 2682 pro
571 2591 769 2678 προναία,
802 2595 899 2668 num.
922 2603 979 2679 21,
1008 2595 1232 2680 Hermaunus,
1263 2619 1385 2666 caussa
1405 2605 1434 2660 et

210 2773 212 2780 Ι
319 2695 445 2758 ratione
466 2719 531 2760 non
553 2695 691 2778 adiecta,
712 2697 844 2782 scripsit
864 2688 1004 2777 προνάα.
1033 2696 1161 2760 Parum
1182 2705 1280 2777 recte,
1303 2696 1333 2760 si
1356 2693 1434 2782 quid

259 2849 262 2857 .
318 2791 428 2858 video:
451 2804 507 2858 aut
529 2797 624 2876 enirn,
644 2796 672 2860 si
695 2795 757 2860 sibi
775 2803 927 2858 constare
942 2789 1040 2860 veliet
1057 2797 1108 2859 vir
1122 2796 1432 2882 praestantissimus,

316 2891 454 2956 formam
481 2915 558 2958 vere
583 2895 727 2958 Atticam
757 2891 898 2958 debebat
925 2896 1096 2958 restituere
1123 2887 1269 2976 πρόνοια
1303 2895 1430 2958 autin·

317 2989 639 3080 tactumreiiuquere
662 2993 831 3080 proprium
853 2986 934 3057 deae
955 3015 1087 3075 nornen,
1117 2991 1202 3082 quod
1224 3015 1242 3056 e
1263 2993 1432 3078 *προνᾶια

316 3089 369 3166 (cf.
392 3081 487 3167 νᾶός,
523 3086 623 3177 νήιον)
652 3087 787 3180 prorsus
814 3089 928 3158 eodem
949 3089 1045 3156 modo
1067 3092 1203 3178 prodiit,
1232 3113 1296 3178 quo
1329 3102 1363 3156 et
1392 3114 1431 3156 ex

317 3187 430 3254 eadem
453 3191 555 3278 stirpe
576 3181 750 3275 περίναιος
781 3203 813 3257 et
839 3195 982 3255 ο*κᾶιω
1011 3183 1105 3256 καίω.
1150 3190 1206 3256 Sic
1235 3193 1323 3256 enim
1345 3191 1430 3256 Har-

228 3363 231 3368 ·
316 3290 500 3372 pociation:
522 3284 680 3372 προναία,
702 3291 818 3377 inquit,
832 3281 995 3374 Αἰσχίνης
1014 3283 1049 3352 ἓν
1061 3291 1109 3372 τῷ
1128 3287 1212 3353 κατὰ
1229 3293 1430 3376 Κτησιφῶν-

316 3390 441 3466 cocu)
464 3381 651 3469 ὠνομάζετό
678 3412 728 3464 τις
757 3385 849 3470 παρὰ
871 3387 1020 3475 Δελφοῖς
1038 3379 1181 3474 Ἀθηνᾶ
1200 3381 1351 3470 προναία
1374 3385 1429 3451 διὰ

315 3519 523 3532 n———n—-ffl

364 3585 408 3652 41)
427 3581 748 3640 αῑ.Βοοο11,“8αοαο.
768 3586 794 3640 d.
813 3585 879 3642 Ath.
898 3585 935 3655 ΙΙ,
952 3604 979 3656 p.
997 3590 1053 3664 240.

364 3669 408 3734 42)
428 3665 470 3723 cf.
491 3667 609 3724 Theocr.
627 3668 708 3740 Idyll.
726 3669 820 3739 ΧΧΠ,
841 3675 863 3726 1.

365 3753 409 3811 431
428 3750 513 3821 Apud
525 3754 741 3824 Aristophanem
758 3755 828 3808 haec
840 3753 927 3808 habes
945 3751 1081 3824 exempla:
1100 3759 1266 3808 Λακωνικοί
1281 3751 1355 3809 Nub.
1372 3757 1425 3809 186.

313 3831 345 3886 P.
365 3835 422 3888 212.
444 3833 509 3890 Ecc.
533 3840 589 3892 356.
619 3833 779 3908 Ἀχαρνικοί,
797 3837 833 3892 Α.
857 3841 913 3892 324.
955 3839 1105 3908 Μεγαρικέ
1126 3837 1162 3890 A.
1186 3839 1244 3890 832.
1283 3837 1425 3906 Ἀθηναία
1528 3859 1529 3870 ³

313 3917 349 3969 A.
368 3919 427 3972 aas.
449 3921 521 3989 rasa.
556 3921 607 3992 aq.
626 3923 684 3976 roa.
720 3919 752 3976 P.
771 3923 829 3975 ru.
865 3925 1003 3990 Σαηναο,
1020 3917 1093 3975 Nub.
1112 3924 1169 3974 cir.
1361 3926 1364 3930 ·

365 4003 408 4067 44)
427 4019 454 4070 p.
470 4005 511 4072 69,
522 4007 545 4060 2.
561 4009 600 4073 14,
615 4009 662 4074 18;
681 4005 711 4058 in
723 4003 800 4057 libris
812 4009 840 4058 et
854 4003 899 4059 hio
914 4003 1029 4070 etalibi,
1047 4021 1072 4058 v.
1087 4019 1110 4058 c.
1124 4003 1153 4056 in
1171 4003 1293 4074 Aristog.
1315 4006 1372 4072 780,
1387 4005 1423 4056 11.

313 4082 396 4137 Paus.
416 4087 455 4152 10,
475 4088 498 4154 8,
517 4091 540 4144 t.
558 4093 601 4142 est
619 4088 746 4157 πρόνοια.
