3088 4966
590 454 649 520 223

146 629 196 694 Ao
218 629 361 716 profecto
381 631 414 694 in
436 632 620 698 comoediae
639 654 733 698 usum
754 654 824 696 eam
843 633 1105 698 terminationem
1127 654 1175 698 ce·

67 728 180 792 cidisse
197 752 240 794 ex
253 729 483 816 Aristophanis
506 731 576 801 cod,
590 731 673 796 Rav.
687 731 901 816 intellegimus
924 733 956 796 in
980 755 1042 818 quo
1065 754 1175 817 saepe·

67 850 196 892 numero
232 830 278 892 ita
310 831 467 915 scriptum
497 841 555 898 est.
599 830 808 917 Quapropter
837 831 961 916 primus
989 829 1175 897 Brunokius

66 926 209 992 Dawesii
244 929 468 994 auctoritatem
500 939 629 996 secutus
665 931 699 994 in
729 929 828 994 medii
862 929 979 994 futuris
1009 931 1177 996 revocavit

67 1023 316 1111 diphthongum:
346 1029 446 1108 φανεῖ
466 1039 535 1111 ott.;
564 1029 749 1116 praesentia
768 1027 895 1092 addidit
916 1027 1088 1094 Porsonus.
1132 1028 1176 1094 At

66 1125 146 1188 unde
165 1127 270 1212 petita
288 1136 361 1190 sunt
382 1128 445 1190 ista
464 1129 748 1212 grammaticorum
772 1125 969 1212 praecepta?
999 1125 1174 1191 Acomicis
1232 1167 1234 1170 -

66 1225 167 1307 poetis
204 1201 355 1310 exempla
388 1248 447 1290 sua
480 1249 515 1290 se
546 1227 722 1312 sumpsisse
750 1234 863 1311 aperte
891 1225 1082 1311 profitentur
1110 1226 1175 1292 Eu·

66 1322 201 1386 stathius
215 1325 256 1398 ⁷⁸)
279 1333 310 1388 et
326 1323 582 1407 Choerobosous,
605 1314 696 1390 cuius
719 1323 821 1390 verba
843 1333 957 1410 postea
977 1323 1175 1410 adscripturi

66 1443 189 1505 sumus3
225 1422 267 1488 ab
289 1423 471 1488 oratoribus
494 1423 724 1510 proficiscitur,
757 1424 820 1488 nisi
841 1421 950 1500 fallor,
973 1422 1175 1509 Gregorium

67 1519 142 1586 haec
158 1523 246 1588 enim
261 1523 295 1586 iu
307 1521 464 1588 Isocratis
482 1545 526 1588 or.
542 1524 580 1588 V.
594 1523 761 1610 (Philipp.)
784 1527 813 1603 ξ.
824 1527 873 1592 69.
891 1521 1015 1608 (steph.
1032 1545 1062 1608 p.
1076 1527 1115 1590 96
1132 1523 1173 1600 A)

65 1618 215 1704 legimus:
250 1614 319 1704 „od
349 1617 411 1704 γὰρ
432 1616 532 1704 μόνον
554 1615 619 1686 ὑπὸ
650 1623 714 1686 τῶν
745 1613 857 1689 ἄλλων
879 1616 962 1686 ἔσει
986 1614 1175 1706 ζηλωτός,

65 1708 148 1780 ἀλλὰ
171 1717 229 1784 καὶ
257 1717 294 1784 σὺ
317 1716 440 1784 σαυτὸν
465 1721 672 1802 μακαριεῖς.“
713 1720 820 1786 Aliam
849 1731 955 1786 autern
980 1743 1051 1784 esse
1078 1722 1174 1786 comi·

67 1839 172 1884 corum
203 1831 235 1886 et
258 1829 424 1888 oratorum
452 1822 647 1901 orationem,
683 1819 782 1884 aliam
809 1821 1026 1904 tragicorum,
1058 1821 1174 1884 iterum

65 1917 243 2006 iterumque
271 1921 489 2004 cognovimus.
535 1918 631 2000 Quod
661 1941 738 1984 vero
760 1919 926 1985 Porsonus
940 1920 979 1996 7⁹)
999 1917 1044 1982 ad
1067 1940 1173 2003 gram·

66 2021 253 2084 molinorum
274 2017 372 2082 fidem
401 2017 654 2082 confirmandam
676 2017 809 2084 adiecit:
839 2015 976 2080 duarum
998 2018 1174 2086 formarum

67 2117 227 2198 optionem
255 2118 284 2180 si
303 2117 405 2181 Attici
431 2115 635 2197 habuissent,
667 2115 744 2204 quid
777 2118 884 2202 potius
919 2139 973 2182 eos
1001 2137 1099 2201 agere
1121 2115 1173 2180 de-

67 2210 170 2279 buisse
193 2211 293 2304 quam
318 2227 354 2280 ut
384 2216 521 2280 diversis
550 2217 778 2280 contractionis
808 2215 989 2280 rationibus
1019 2213 1174 2278 adhibitis

67 2311 275 2379 indicativum
295 2314 517 2379 discernerent
538 2315 786 2396 aconinnotivo,
809 2313 903 2378 alteri
925 2313 1103 2378 tribuentes
1127 2333 1172 2388 ει,

66 2412 215 2496 galteri,
238 2413 273 2478 id
296 2437 316 2477 a
338 2413 469 2500 linguae
490 2413 616 2499 legibus
638 2411 735 2500 plane
756 2411 918 2480 abhorret.
956 2413 1068 2500 Neque
1089 2413 1174 2474 eninr

67 2529 122 2592 pro
151 2514 398 2578 accuratissima
431 2513 487 2578 illa
518 2514 748 2578 sententiarum
780 2511 982 2576 Graecarum
1013 2521 1174 2575 structura

67 2629 203 2695 unquam
227 2612 380 2677 oonfirndi
402 2623 552 2700 poterant
573 2611 771 2677 indicativus
802 2621 834 2676 et
856 2614 1096 2693 coniunctivus,
1119 2633 1172 2674 ne·

67 2727 123 2790 que
145 2709 227 2774 adeo
251 2713 348 2778 anxie
369 2715 492 2776 vitatur
514 2712 651 2776 duarum
679 2712 855 2775 formarum
879 2709 1056 2776 similitudo
1078 2747 1117 2756 -
1138 2719 1174 2773 ut
1244 2743 1246 2748 ·

66 2803 96 2866 in
122 2805 171 2872 his
208 2810 291 2895 ipsis
320 2810 522 2897 temporibus
549 2809 651 2875 verba
676 2813 709 2874 in
739 2804 813 2871 -clro
845 2811 956 2897 utique
990 2809 1173 2878 scribuntur

65 2905 140 2988 τιμᾷ
155 2916 211 2972 ott.
227 2909 296 2972 sive
312 2909 490 2973 indicativo
504 2931 584 2994 opus
609 2917 657 2973 est
680 2910 748 2973 sive
771 2907 976 2973 coniunctivo
988 2930 995 2982 3
1006 2945 1048 2954 -
1069 2927 1172 2994 neque
1243 2964 1246 2974 .

66 3005 204 3082 omnino,
238 3006 336 3094 idque
366 3029 526 3072 summum
555 3017 619 3083 est,
652 3007 757 3073 libera
784 3007 841 3071 illa
864 3010 953 3093 optio
983 3015 1053 3072 erat
1076 3029 1172 3091 quam

66 3097 154 3185 fingit
175 3105 350 3171 Porsonus.
393 3107 466 3172 Non
487 3129 599 3171 verum
623 3119 686 3190 est,
710 3105 797 3193 quod
818 3105 865 3170 illi
884 3115 1041 3187 statuunt,
1063 3127 1172 3170 recen-

67 3199 195 3270 tissimis
210 3203 339 3270 demum
352 3206 489 3270 saeculis
501 3207 560 3293 per
573 3229 715 3272 errorem
726 3205 889 3293 quendam
900 3229 960 3292 pro
973 3225 1003 3266 ει
1019 3205 1172 3268 substitu-

66 3303 126 3362 tum
139 3323 211 3368 esse
223 3327 254 3391 ῃ,
280 3305 336 3368 sed
349 3328 366 3369 a
380 3307 487 3391 prima
508 3305 613 3370 forma
633 3301 801 3381 τύπτε-αι,
826 3307 846 3371 i.
870 3328 896 3370 e.
919 3299 1097 3367 τύπτε-σαι
1119 3325 1172 3367 nc-

67 3406 203 3467 oessario
226 3403 345 3468 factum
366 3413 415 3468 est
435 3399 554 3490 τύπτηι
572 3405 669 3490 (quod
688 3407 803 3470 iamin
815 3401 953 3470 Homeri
975 3401 1172 3468 carminibus

66 3493 223 3566 interdum
245 3505 413 3580 occurrit);
440 3499 594 3591 ετύπτηι
617 3505 760 3587 demum,
784 3507 852 3568 sive
873 3498 993 3589 τύπτῃ,
1023 3512 1173 3588 correpta

66 3598 166 3662 vocali
186 3611 300 3665 natum
320 3612 369 3666 est
389 3595 520 3680 τύπτει,
546 3607 629 3668 sicut
651 3627 668 3668 e
690 3601 784 3686 κληίς
806 3595 903 3678 κλεὶς.
947 3602 1172 3688 Antiquiorcm

68 3711 139 3778 ergo
161 3699 223 3764 hac
245 3723 370 3788 quoque
392 3703 425 3765 in
446 3725 482 3766 re
506 3714 718 3768 servaverunt
744 3703 882 3768 formam
909 3713 1025 3788 poetae
1044 3700 1171 3784 tragici,

67 3801 274 3865 recentiorem
303 3811 414 3888 utpote
449 3801 483 3864 in
514 3825 660 3890 sermone
689 3802 852 3867 cotidiano
882 3801 1033 3864 usitatam
1068 3797 1171 3862 adsci-

69 3944 270 3964 N—

113 4029 153 4097 78)
171 4030 189 4086 l.
208 4047 230 4086 c.
252 4031 290 4094 ὠς
306 4034 353 4084 καὶ
370 4032 401 4085 ἓν
420 4036 478 4092 τοῖς
496 4037 543 4088 τοῦ
562 4037 686 4103 κωμικοῦ
706 4036 841 4102 πέφηνεν.

113 4114 152 4180 Ί9)
168 4113 259 4170 Praef.
279 4115 315 4168 ad
331 4115 439 4168 Hecub.
459 4131 484 4184 p.
503 4121 529 4169 ’4.
