3008 4968
854 487 912 554 178

424 673 469 736 At
490 694 634 738 summae
656 671 824 736 offensioni
846 672 974 736 suntin
997 669 1173 736 Simonidis
1198 667 1317 732 iambis
1340 673 1438 750 1,12;

340 768 424 848 τούς
448 767 484 833 δὲ
510 764 665 854 δύστηνοι
693 765 1021 858 νόοοιηφθείρονοι
1050 770 1192 855 θνητῶν.
1225 765 1303 842 τούς
1333 759 1363 830 d'
1391 777 1438 830 etc.

341 880 372 934 et
393 873 426 934 in
448 869 640 936 choliambis
662 869 881 957 Hipponactis
904 876 953 952 35,
977 878 1004 936 4.
1027 877 1060 935 5;
1082 863 1166 932 diuae
1185 863 1244 952 χρὴ
1271 860 1432 948 nudarant

340 964 465 1053 πέτρας
485 960 605 1050 ὀρείας.

423 1069 472 1133 Αο
494 1069 585 1155 prior
606 1069 735 1157 quidem
754 1070 845 1134 locus
868 1069 964 1132 etiarn
987 1068 1060 1133 aliis
1087 1067 1255 1133 decausis
1282 1074 1439 1151 corruptus

342 1169 511 1234 habendus
534 1179 590 1248 est,
613 1191 688 1233 nam
710 1169 796 1256 quod
823 1180 913 1234 muta
938 1190 1080 1235 consona
1106 1169 1278 1232 coniuncta
1305 1188 1374 1230 cum
1394 1185 1439 1230 na·

342 1267 404 1334 sali
425 1267 596 1354 syllabam,
614 1292 696 1355 quae
719 1269 889 1352 antecedit,
912 1293 977 1334 non
991 1267 1151 1356 producit,
1166 1287 1302 1354 prorsus
1315 1264 1439 1328 alienum

287 1370 290 1375 ’
341 1377 389 1430 est
410 1390 430 1430 a
452 1367 628 1450 Simonide,
650 1391 723 1432 cum
744 1379 860 1454 poetae
880 1369 984 1434 Ionici
1011 1389 1112 1456 aeque
1136 1376 1232 1452 atque
1251 1365 1407 1429 Homerus
1425 1383 1440 1424 a

340 1465 398 1530 tali
420 1467 634 1552 correptione,
655 1489 720 1554 qua
742 1479 859 1554 poetae
878 1469 1062 1534 Atticorum
1085 1467 1226 1530 scaenici
1252 1465 1303 1528 usi
1325 1466 1395 1546 sint,
1413 1483 1440 1524 se

341 1563 505 1630 abstinere
527 1565 650 1630 soleant
672 1571 908 1650 convenienter,
930 1578 966 1632 ut
987 1564 1155 1654 praeclare
1168 1563 1387 1649 Westphalius
1403 1561 1440 1624 di-

341 1665 455 1746 cit24),
489 1664 646 1750 peculiari
665 1677 801 1735 naturae
821 1667 928 1750 Iadis,
955 1689 1038 1752 quae
1059 1666 1215 1730 maiorem
1238 1685 1335 1750 quam
1353 1661 1441 1726 Attici

341 1763 408 1828 vim
430 1771 462 1826 et
475 1763 603 1848 pondus
618 1764 786 1831 vocalibus
802 1766 934 1832 tribuat.
947 1767 997 1844 25).
1041 1762 1171 1830 Deinde
1193 1785 1290 1848 quam
1313 1762 1441 1824 maxime

341 1859 504 1926 flaccescit
531 1864 635 1928 oratio
663 1866 797 1950 θνητῶν
823 1867 973 1952 genetivo
1003 1864 1159 1950 partitivo
1190 1863 1245 1949 qui
1271 1860 1315 1926 ad
1340 1853 1441 1934 τούςύι

340 1962 513 2048 pertineat,
535 1962 569 2024 in
590 1962 654 2026 fine
675 1965 775 2028 totius
798 1966 955 2030 enuntiati
973 1965 1088 2050 posito.
1132 1961 1283 2047 Denique
1299 1957 1440 2024 cumSto·

340 2059 415 2126 baei
437 2059 541 2126 codex
559 2061 591 2126 A
612 2062 765 2128 exhibeat
786 2065 914 2148 βροτῶν
936 2064 1078 2148 θνητῶν,
1100 2060 1263 2126 indicatur
1285 2061 1374 2146 prius
1393 2079 1440 2120 vo·

341 2158 501 2242 sabulum,
522 2161 642 2247 quippe
667 2162 755 2249 quod
775 2165 883 2228 rarius
907 2164 949 2228 sit
969 2184 1065 2248 quam
1086 2160 1233 2242 alterum,
1256 2159 1298 2226 ab
1320 2158 1405 2222 initio
1426 2178 1441 2218 a

340 2267 438 2344 poeta
459 2259 616 2344 scriptum
638 2283 717 2326 esse.
760 2262 873 2349 ltaque
895 2263 1054 2326 assentior
1075 2259 1248 2340 Ahrensio,
1271 2259 1327 2342 qui
1349 2256 1440 2347 conis

340 2359 401 2423 cit:
421 2354 499 2433 τοὺς
521 2353 557 2420 δὲ
580 2352 733 2443 δύστηνοι
753 2353 1098 2446 βροτῶνηηθεύρονοι
1119 2360 1246 2424 νοῦοοι.

422 2457 461 2521 In
483 2457 584 2522 altero
607 2468 713 2524 autem
740 2458 811 2524 loco
834 2461 898 2542 eis,
929 2479 1012 2546 quae
1040 2458 1139 2544 vulgo
1168 2457 1334 2546 leguntur,
1355 2453 1440 2518 fidem

344 2707 442 2776 Neque
460 2706 533 2760 enim
546 2706 682 2760 assentior
699 2707 846 2776 Bredovio,
864 2708 912 2778 qui
925 2707 1097 2763 Herodotum
1112 2706 1264 2780 Ούλνμνος
1282 2705 1379 2759 dixisse
1394 2717 1442 2756 orc-

343 2790 385 2844 dit
401 2794 429 2844 et
443 2791 640 2860 Οὐλυμπιηνοί
655 2794 722 2859 (uno
739 2792 801 2846 loco
819 2795 928 2861 exstat),
946 2797 975 2846 et
987 2791 1162 2863 Οὖλυμπικὴ,
1181 2796 1279 2845 contra
1289 2789 1441 2862 Ὀλύμπιος,

342 2872 508 2947 Ὀλυμπιάς,
525 2874 749 2947 Ὀλυμπιονίκης,
767 2874 1004 2950 Ὀλυμπιόδωρος.
1048 2875 1120 2934 Nam
1137 2875 1255 2946 primum
1271 2890 1368 2945 prosae
1388 2871 1442 2924 scri·

341 2959 415 3030 ptori
434 2958 493 3014 sine
505 2958 578 3012 iusta
594 2959 701 3014 ratione
713 2977 846 3014 summam
855 2960 1069 3026 inconstantiam
1082 2959 1187 3014 tribuit.
1222 2959 1333 3014 Deinde
1344 2955 1441 3012 omnino

343 3047 453 3096 tantum
479 3043 567 3097 tribus
594 3042 662 3097 locis
684 3044 803 3114 optimus
828 3044 858 3098 M
884 3043 1000 3116 praebet
1026 3041 1177 3117 Oilvpnoe
1203 3047 1231 3098 et
1254 3043 1441 3116 Οὐλνμτιηνοί,

341 3131 472 3196 quattuor
488 3130 586 3181 contra
604 3127 671 3182 locis
683 3125 828 3201 Ὄλυμπος
844 3133 873 3182 et
889 3127 919 3181 in
937 3128 1064 3182 omnibus
1077 3127 1173 3181 ceteris
1182 3126 1287 3197 formis,
1304 3127 1440 3182 vocalemo

340 3227 456 3282 quarum
473 3209 628 3284 Ὀλύμπιος
645 3213 794 3283 praecipue
812 3212 969 3283 saepissime
986 3216 1109 3282 apparet.

355 3359 360 3369 Ι
407 3293 450 3366 24)
467 3293 622 3365 Westphol,
641 3295 749 3367 allgem.
766 3296 869 3350 Metrilt
885 3315 913 3366 p.
932 3299 981 3351 292
1001 3299 1029 3348 ct
1045 3299 1103 3350 294.

407 3381 451 3445 25)
469 3377 593 3432 Tantum
611 3380 686 3450 apud
703 3380 895 3451 Theognidem
914 3395 1000 3433 unmn
1018 3376 1197 3448 correptionis
1207 3379 1361 3448 exemplum
1377 3391 1440 3446 repe·

343 3463 412 3516 ritur
429 3481 467 3520 vs.
491 3468 541 3518 910
559 3466 605 3518 καὶ
623 3463 765 3538 δάκνομαι
780 3463 874 3536 ψυχήν
892 3466 951 3532 (188
970 3468 998 3516 et
1015 3467 1063 3516 559
1081 3463 1111 3514 in
1129 3461 1234 3532 ἀφνεὸς
1253 3463 1388 3531 synizesin
1403 3458 1440 3513 ad·

343 3547 459 3616 hibeas),
478 3547 552 3618 quod
568 3547 676 3618 patriae
694 3553 767 3608 certe
795 3549 913 3602 dialecto
936 3547 1114 3602 tribuendum
1139 3550 1187 3599 cst.
1223 3547 1310 3616 Apud
1328 3547 1440 3600 Mimner-

340 3649 415 3684 mum
432 3635 529 3686 contra
546 3630 670 3688 Ionicum
695 3637 850 3704 poetam2,
870 3637 912 3686 1οτ
937 3627 1041 3688 αύτικοί
1059 3629 1194 3684 τεθνάναι
1220 3635 1376 3702 corruptum
1392 3642 1440 3681 esse

268 3783 274 3792 ,
341 3731 436 3768 omnes
454 3715 572 3770 editores
590 3721 772 3788 agnoverunt.
785 3749 819 3756 —
836 3715 916 3780 Quod
933 3715 1018 3784 Hipp.
1037 3718 1071 3768 tr.
1085 3718 1124 3778 49,
1144 3717 1159 3766 6
1177 3713 1379 3786 adnatavimus
1398 3711 1440 3764 δά-

341 3789 414 3873 sapit
426 3799 536 3870 legitur,
554 3805 628 3854 certe
646 3800 762 3856 debetur
778 3800 867 3854 eidem
887 3799 1030 3868 licentiae,
1059 3815 1115 3868 qua
1137 3799 1229 3868 potita,
1247 3804 1279 3852 ut
1296 3800 1336 3853 ita
1357 3799 1440 3860 dicam,

342 3881 430 3952 magis
448 3883 572 3952 plebeius
592 3884 675 3937 etiam
693 3884 759 3937 alibi
777 3895 842 3937 usus
860 3889 909 3952 est,
931 3882 966 3937 cf.
981 3882 1014 3936 fr,
1029 3886 1060 3935 22
1074 3883 1101 3935 Α
1114 3874 1237 3953 θηρεύει,
1253 3885 1323 3938 22Β
1342 3883 1439 3940 εὔωνον.

251 4027 256 4034 .
321 3977 375 4005 '—
391 3967 476 4036 Apud
495 3966 624 4022 Solonem
642 3968 742 4021 cumin
761 3968 865 4022 iambis·
876 3968 985 4038 syllaba
1003 3967 1168 4020 antecedens
1182 3984 1331 4038 numquam
1349 3981 1440 4033 correp·

342 4049 445 4104 tionem
462 4051 584 4121 patiatur
606 4051 755 4106 clarissime
780 4051 883 4120 elucet,
909 4056 1080 4122 quantopere
1106 4052 1204 4120 poetas
1229 4049 1338 4124 Ionicos
1366 4050 1440 4105 imita·

340 4137 385 4186 tus
402 4133 444 4186 sit.
