3070 4962
844 446 902 508 100

310 645 403 707 nam,
436 624 540 690 donec
561 624 633 710 quis
655 633 711 688 aut
732 623 959 692 damnandum·
974 625 1009 690 id
1039 647 1110 691 esse
1132 628 1331 711 argumentis
1351 649 1425 713 gra·
1528 645 1529 648 ’

311 725 455 788 vissimis
485 723 594 788 allatis
626 723 706 788 mihi
732 727 934 812 persuaserit
969 734 1024 790 aut
1053 724 1149 811 plura
1182 724 1270 810 apud
1298 725 1425 794 Atticos

309 824 478 889 invenerit.
518 823 662 911 Repperi
683 824 814 911 quidem
835 825 869 889 in
891 826 1091 892 onomastico
1106 821 1313 910 Polydeuoeo
1334 830 1363 908 3,
1386 831 1425 894 63

308 916 622 1008 προσφιλεπάτως;
643 923 678 988 id
698 933 805 988 autem
827 925 980 1012 quoniam
1002 922 1091 1011 apud
1110 923 1307 1006 Isocratem,
1331 946 1426 1011 quem
1528 939 1529 978 1

309 1021 429 1088 Pollux
457 1021 554 1112 hujus
576 1025 667 1090 vocis
690 1032 857 1089 auctorem
878 1033 1045 1111 nuncupat
1056 1071 1065 1106 ,
1090 1045 1215 1088 summo
1238 1022 1346 1089 studio
1369 1022 1425 1088 ad·
1528 1057 1529 1110 ss

307 1119 410 1186 hibito
443 1121 565 1187 frustra
588 1123 753 1210 quaesivi,
785 1145 850 1188 non
872 1125 984 1210 magni
1011 1121 1152 1188 fecerim.
1195 1121 1307 1209 Neque
1328 1124 1426 1189 inter·
1528 1117 1529 1198 ζ

308 1219 437 1304 codam,
473 1223 500 1287 si
522 1223 594 1310 quis
616 1220 657 1288 de
678 1214 927 1298 δυστανοτάτως
953 1225 1022 1287 sive
1044 1216 1307 1306 δυστηνοτάτως,
1340 1222 1427 1310 quod
1528 1239 1529 1282 1

308 1320 397 1408 apud
418 1321 612 1408 Euripidem
634 1321 762 1409 (Suppl.
784 1327 858 1400 967)
885 1343 905 1386 a
924 1321 1059 1388 Reiskio
1089 1330 1121 1384 et
1140 1319 1339 1386 Marklando
1364 1344 1425 1408 pro

308 1419 466 1486 librorum
502 1415 740 1506 &repperiretur
768 1423 926 1507 scriptum
958 1420 1131 1508 multisque
1162 1419 1336 1508 probatum
1368 1430 1426 1503 est,

308 1519 457 1584 similiter
474 1518 690 1608 judicandum
712 1521 884 1584 existimet.
920 1519 966 1584 At
987 1530 1054 1585 esto
1077 1519 1165 1606 apud
1188 1541 1297 1584 omnes
1321 1519 1426 1584 honos

306 1618 488 1706 Sophocleo
517 1619 566 1684 illi
593 1613 864 1700 ξυντομωτάτως,
898 1619 984 1708 quod
1008 1621 1079 1708 jam
1108 1614 1165 1682 ἐπὶ
1193 1617 1292 1702 ξυροῦ
1319 1609 1428 1706 ἀκμῆς

307 1728 378 1783 erat
398 1727 435 1783 ut
452 1717 547 1783 foede
567 1721 724 1784 interiret.
1528 1751 1529 1806 1

388 1817 463 1884 Jam
485 1839 567 1904 quae
588 1820 721 1905 repperi
741 1818 829 1906 apud
852 1819 991 1883 seriores
1015 1815 1129 1882 eodem
1152 1816 1264 1884 ordine
1287 1841 1350 1906 quo
1373 1841 1426 1884 su·
1528 1807 1529 1894 l

305 1939 367 2004 pra
386 1939 464 1982 usus
488 1939 558 1982 sum
581 1917 774 1984 describam.
1528 1923 1529 1928 ’

305 2107 694 2200 &castrametetur
717 2139 745 2181 a.
769 2122 824 2200 16,
847 2123 894 2182 11.
937 2115 1102 2204 Epiphan.
1129 2115 1231 2182 Haer.
1261 2139 1284 2182 s.
1315 2125 1364 2184 57.
1393 2141 1426 2206 p.

305 2215 534 2399 dudzdoddrwg
556 2315 668 2402 Oyrill.
692 2313 728 2381 0.
752 2313 945 2379 Theodoret.
968 2313 1031 2382 vol.
1056 2321 1083 2380 6.
1106 2325 1190 2402 part
1215 2323 1240 2382 1.
1261 2337 1293 2403 p.
1308 2321 1370 2382 217
1387 2315 1424 2382 Ο.
1528 2293 1529 2302 ¹

305 2405 537 2489 decucurrimus
557 2414 774 2504 Buttmanuus
798 2413 893 2477 affert
913 2435 955 2478 ex
976 2412 1230 2500 Hephaestione.

306 2507 525 2591 δικαιοτάτως
545 2513 671 2579 Aelian.
694 2513 723 2578 h.
748 2535 776 2578 a.
799 2519 827 2595 5,
850 2518 900 2580 30.

304 2605 554 2700 ἐπιδηλοτάτως
574 2611 709 2678 Aristot.
732 2610 772 2676 de
793 2635 865 2698 gen.
889 2635 939 2677 an.
966 2619 992 2693 1,
1015 2616 1064 2678 23.

304 2705 572 2794 ἐπικαιροτάτως
593 2712 741 2779 Cinnam.
764 2735 793 2798 p.
820 2717 887 2793 169,
911 2720 937 2778 4.

194 2869 198 2876 .
303 2804 806 2901 εὐψυχοτάτως1.1)111110111111
833 2813 976 2876 restituit
1001 2833 1043 2874 ex
1081 2801 1308 2888 εὐτυχωτάτως
1342 2811 1422 2876 Dio·
1528 2789 1529 2820 ¹

344 2913 413 2978 dor.
435 2911 517 2978 Exc.
538 2911 612 2978 Vat.
635 2935 666 2998 p.
691 2919 740 2978 57.
764 2909 812 2977 ed.
836 2910 913 2976 Mai.

301 3006 585 3094 θαυμαστστάτως
603 3010 764 3076 Theodec.
787 3010 880 3076 Alex.
908 3015 973 3087 125,
994 3015 1024 3076 6.

301 3107 510 3188 λεπτοτάτως
532 3110 639 3178 Schol.
665 3110 801 3176 Theocr.
828 3118 852 3177 1.
875 3131 906 3196 p.
932 3115 979 3175 71.

300 3206 508 3296 λυγροτάτως
530 3209 636 3278 Schol.
661 3209 761 3298 Soph.
783 3233 813 3297 p.
840 3215 897 3277 105
918 3207 1032 3274 Elmsl.

299 3306 489 3390 πεζοτάτως
509 3311 662 3376 Hermias
682 3309 720 3374 In
740 3309 823 3374 Plat.
845 3307 986 3373 Phaedr.
1009 3331 1039 3394 p.
1065 3315 1132 3375 145.

299 3404 497 3496 πραοτάτως
516 3407 659 3496 Hesych.
684 3431 709 3473 s.
732 3399 989 3494 11.ἠπιωτᾶτως.

300 3504 536 3598 σφοδροτάτως
557 3506 683 3572 Theod.
706 3507 795 3572 stud.
818 3530 849 3596 p.
872 3513 912 3572 45
934 3505 971 3572 Β.

299 3602 533 3697 φαιδροτᾶτως
553 3605 757 3694 Amphiloch.
779 3629 810 3694 p.
833 3613 882 3674 99.

297 3700 477 3790 ductrices
496 3707 566 3774 Nic.
590 3706 692 3774 Chen.
713 3711 763 3789 83,
783 3711 833 3774 20.

297 3901 558 3988 ἇδοκιμωτάτως
578 3905 779 3972 Abreschius
797 3904 1003 3970 scribendum
1017 3905 1144 3969 censuit
1165 3923 1225 3988 pro
1236 3899 1417 3988 Phrynichi

296 4012 339 4092 (p.
364 4011 436 4084 421)
459 3997 712 4090 ἀδοκιμωτάτῳ,
729 4027 816 4090 „non
835 4013 1007 4092 perspecto
1035 4002 1215 4090 Phrynichi
1237 4003 1329 4067 usu.“
1349 4001 1417 4066 Lo·

245 4189 247 4194 Ι
297 4105 390 4170 beck.
412 4129 443 4191 p.
466 4111 536 4172 422.
