3034 4964
859 401 900 464 62

777 482 985 494 ——u-——-

319 605 340 646 a
367 579 467 646 multo
494 579 599 646 rarius
621 601 719 666 qnam
740 579 928 645 Herodotus
959 581 994 644 in
1027 589 1259 645 sextenuasse
1283 578 1415 644 videntur

320 703 424 768 neque
445 679 547 746 verba
573 680 607 744 in
629 699 675 742 οω
698 689 901 766 permutasse
930 679 1039 745 verbis
1067 682 1100 744 in
1121 701 1165 743 cco
1194 679 1414 759 desinentibus,

305 773 459 868 'donique
481 787 641 844 mutarum
670 778 902 864 aspirationem
933 788 966 842 et
991 789 1216 866 augmentum,
1249 799 1329 864 quae
1349 777 1416 862 Hip·

319 888 470 968 pocrates
491 877 611 964 ubique
633 899 705 942 cnm
717 877 827 942 Attica
847 876 986 942 dialecto
1002 880 1185 944 communia
1203 876 1311 960 habet,
1331 899 1417 962 aeque

177 1055 197 1079 .
321 990 417 1066 atque
438 975 626 1043 Herodotus
650 999 748 1062 saepe
769 975 952 1062 neglegunt.

382 1077 435 1142 Ex
463 1077 514 1142 his
528 1075 641 1164 ,simul
672 1075 784 1140 videre
809 1075 886 1140 licet
916 1074 1229 1162 iambographorum
1262 1074 1418 1140 dialectum

321 1177 449 1242 efficere
476 1173 715 1262 quodammodo
744 1176 935 1241 recentioris
964 1173 1054 1240 Iadis
1087 1184 1228 1240 aetatem
1258 1175 1418 1262 antiquam,

320 1299 424 1364 neque
443 1275 550 1342 minus
577 1276 714 1360 propius
737 1273 892 1340 accedere
915 1273 958 1340 ad
978 1272 1121 1360 linguam
1140 1275 1304 1358 ionicam,
1330 1271 1418 1359 qualis

320 1379 355 1442 in
374 1377 444 1440 vita
464 1372 629 1439 cotidiana
650 1375 772 1438 usitata
794 1384 864 1440 erat
886 1385 917 1439 et
938 1375 972 1438 in
988 1372 1256 1460 inscriptionibus
1279 1393 1419 1460 expressa

321 1484 371 1541 est
388 1473 442 1553 (cf.
465 1473 582 1562 crasin,
604 1493 622 1533 v
642 1472 786 1559 ephelc.).

383 1571 545 1638 Nonnulla
574 1569 714 1655 leviora,
748 1594 831 1660 quae
863 1571 1001 1637 dialecto
1031 1581 1202 1659 poetarum
1228 1573 1357 1661 Ionicae
1374 1593 1418 1661 rc·

322 1695 468 1760 pugnare
483 1670 643 1752 videntur,
666 1671 842 1737 secundum
856 1681 956 1737 totam
971 1673 1138 1750 rationem,
1156 1693 1255 1758 quam
1270 1673 1420 1757 ingressus

322 1795 403 1856 sum,
424 1770 520 1837 facile
542 1771 662 1855 corrigi
684 1780 829 1858 possunt.

381 1871 434 1936 De
467 1863 630 1944 πώλυπος
660 1891 743 1935 voce
773 1880 880 1936 autem
907 1869 986 1936 Sim.
1012 1870 1051 1937 fr.
1080 1873 1119 1935 29
1150 1861 1314 1932 πώλυπον
1343 1861 1421 1949 διζή-

321 1991 421 2052 μενος
447 1975 520 2056 (pro
543 1991 607 2056 qua
628 1968 965 2055 exspectationi),
995 1992 1077 2056 quae
1106 1991 1124 2034 e
1144 1969 1271 2034 Dorica
1299 1967 1420 2032 dialecto

323 2077 452 2157 sumpta
473 2067 580 2133 videri
601 2070 724 2155 possit,
755 2070 877 2155 optime
897 2069 1111 2144 Ahrensiusl)
1135 2069 1249 2133 statuit
1271 2070 1420 2153 antiquum

320 2171 414 2234 istius
437 2167 586 2234 animalis
606 2190 723 2232 nomen
745 2189 816 2234 esse
835 2166 962 2255 πῶλυψ
976 2168 1028 2234 vel
1042 2161 1217 2252 πώλυποςς
1238 2168 1301 2234 boc
1320 2177 1420 2248 autem,

145 2361 148 2369 ι
258 2311 259 2314 =
321 2278 494 2356 postquam
516 2266 560 2332 ad
581 2265 701 2354 pedum
722 2267 961 2334 multitudinem
981 2267 1097 2333 referri
1118 2276 1268 2355 coeptum
1291 2267 1421 2349 essetin

321 2361 496 2442 πούλυπος
537 2375 570 2432 et
606 2359 802 2442 πουλύπους
840 2378 996 2433 mutatum
1034 2388 1114 2432 esse.
1177 2367 1260 2434 Cum
1301 2360 1420 2448 κωρίδες

323 2467 401 2532 Sim.
438 2473 492 2549 15,
527 2463 615 2552 quod
645 2487 704 2552 pro
741 2459 875 2550 καρίδες
902 2465 1018 2542 (Anan.
1054 2474 1128 2530 tetr.
1163 2473 1198 2548 5,
1235 2473 1267 2545 2)
1296 2469 1419 2554 positum

324 2575 382 2648 est,
405 2565 553 2630 conferas
574 2559 703 2641 θῶκοξ,
739 2565 826 2652 quod
844 2565 938 2632 Iones
959 2587 1019 2651 pro
1041 2566 1152 2640 θᾶκος
1173 2564 1333 2632 dicebant
1373 2566 1419 2632 Oe·

322 2675 427 2730 terum
446 2667 479 2728 in
502 2664 660 2729 eiusmodi
683 2664 818 2750 singulis
838 2663 1006 2729 vocabulis
1034 2687 1099 2729 non
1120 2666 1218 2730 anxie
1238 2664 1419 2730 haerendum

323 2773 379 2829 est.
423 2763 476 2828 De
497 2762 632 2828 vocibus
655 2763 838 2849 peregrinis
860 2772 984 2845 autem,
1012 2765 1154 2828 maxime
1174 2763 1345 2850 Phrygiis,
1364 2764 1419 2850 qui·

322 2861 384 2928 bus
406 2863 609 2950 potissimum
630 2861 811 2950 Hipponax
831 2861 992 2926 interdum
1013 2885 1092 2927 usus
1114 2872 1172 2945 est,
1195 2864 1304 2949 aptius
1317 2862 1418 2948 dispu-

322 2960 456 3026 tandum
477 2962 539 3026 erit
558 2961 591 3026 in
613 2960 714 3045 libro,
737 2981 832 3046 quern
854 2961 934 3026 mihi
955 2960 996 3026 de
1017 2963 1171 3027 universa
1191 2961 1272 3026 Iade
1294 2961 1419 3028 scribere

250 3077 251 3081 ’
322 3061 357 3126 in
376 3062 484 3126 animo
507 3072 563 3125 est.
1098 3070 1109 3094 '

384 3159 419 3238 b)
440 3159 479 3224 In
501 3158 629 3225 Solonis
648 3159 766 3226 iambis
788 3157 1010 3226 tantummodo
1034 3153 1113 3241 ὅρος
1132 3168 1173 3224 tr.
1196 3165 1253 3243 36,
1276 3169 1305 3229 5.
1329 3152 1372 3235 εἰς
1389 3165 1418 3239 63

322 3280 405 3322 ποτε
427 3263 446 3324 3
466 3257 595 3325 Atticae
626 3258 765 3325 dialecto
788 3258 961 3325 tribuenda
983 3267 1074 3323 sunt·
1107 3259 1160 3324 De
1189 3249 1282 3336 αὖτις
1309 3261 1374 3326 aliis
1392 3255 1418 3321 id

323 3379 424 3444 genus
448 3357 486 3422 cf.
508 3380 583 3444 pag.
605 3359 630 3441 l,
646 3366 697 3427 61.
740 3360 897 3425 Fortasse
918 3357 1017 3425 Solon
1038 3379 1074 3422 se
1095 3356 1252 3428 abstinuit
1274 3362 1365 3424 etiarn
1385 3354 1417 3420 ab

273 3502 277 3510 ⁴
324 3467 496 3543 augmento
519 3457 705 3541 omittendo,
728 3459 768 3524 cf.
790 3466 860 3524 tetr.
882 3464 930 3538 32,
953 3463 986 3526 3:
1007 3453 1227 3546 καθηψάμην.
1297 3549 1299 3556 y

296 3812 299 3817 „
375 3711 532 3794 s)11,1ss.
