3034 4964
627 477 667 540 ta

85 651 158 716 Huc
179 674 306 742 quoque
328 661 471 739 spectat,
495 655 666 741 quodiam
689 677 790 742 supra
811 653 851 720 de
873 677 894 716 o
917 655 1130 742 suppositicio
1152 654 1198 720 di-

84 754 207 816 ximus:
230 751 327 817 valde
347 754 464 817 mirum
480 763 538 836 est,
560 763 685 820 tantum
700 754 746 819 ibi
761 754 928 838 Doricam,
949 777 1032 841 quae
1053 763 1199 838 vocatur,

85 852 337 917 contractionem
359 852 514 918 traditam
542 875 626 936 esse,
658 851 714 918 ubi
743 855 839 920 etiam
867 856 900 918 in
922 853 1057 920 Atthide
1082 864 1197 920 exstat.

83 949 151 1015 lam
175 947 238 1016 hac
262 951 302 1014 de
322 973 421 1016 causa
444 953 581 1040 suspitio
596 961 772 1047 moveatur
790 975 922 1018 necesse
940 962 997 1036 est,
1020 975 1061 1018 ne
1075 955 1199 1045 fopmae

83 1049 158 1114 illae
182 1048 391 1116 librariorum
413 1053 522 1138 potius
546 1053 791 1135 somnolentiae,
813 1053 975 1133 incuriae,
996 1053 1199 1138 ignorantiae

85 1147 266 1214 debeantur
287 1172 384 1236 quam
406 1160 684 1237 certo'poetarnm
707 1151 848 1218 consilio.
891 1151 1022 1234 Addas,
1049 1151 1137 1237 quod
1158 1175 1199 1216 ex
1320 1161 1324 1174 '

84 1249 331 1316 ratiocinatione
357 1248 522 1335 probabili
544 1251 678 1337 antiqua
700 1250 836 1316 Doridis
858 1259 965 1316 aetate
987 1253 1115 1316 omnino
1136 1251 1198 1316 lor·

83 1369 157 1412 mae
180 1355 366 1412 contractae
385 1347 527 1413 nondum
549 1349 583 1412 in
606 1372 667 1413 usu
681 1349 781 1414 fuisse
803 1348 962 1414 videntur.

147 1444 263 1526 Quid?
301 1447 328 1510 si
360 1446 420 1512 tibi
449 1447 677 1514 demonstrabo
707 1447 929 1534 Theognidem
956 1447 1009 1513 vel
1029 1448 1199 1516 Dorismos

83 1544 258 1632 quosdam,
286 1567 367 1633 quos
388 1568 429 1610 ne
451 1545 613 1612 Homerus
637 1547 768 1634 quidem
790 1557 1069 1634 aspernatusest,
1092 1549 1198 1630 anxie,

83 1654 118 1708 ut
139 1644 281 1726 videtur,
303 1646 453 1729 evitasse,
473 1669 514 1710 ne
536 1648 681 1712 carmina
702 1646 823 1711 Dorice
846 1646 1021 1734 saperent?

145 1743 197 1808 Ac
218 1742 258 1808 do
280 1746 471 1831 pronomine
492 1747 557 1810 iam
584 1767 684 1831 supra
709 1745 812 1811 verba
838 1746 981 1812 fecimus.
1026 1745 1110 1810 Tum
1133 1747 1199 1812 Ho-

83 1865 194 1908 merus
207 1865 242 1907 se
252 1867 314 1908 non
325 1843 510 1910 abstinuita
521 1844 626 1911 forma
637 1844 737 1912 firturi
748 1845 862 1910 Dorici
876 1839 1029 1920 ἐσσεῖται,
1042 1843 1200 1912 abstinuit

84 1941 260 2028 Theognis.
303 1943 432 2008 Deinde
460 1940 539 2008 noti
558 1944 683 2010 Dorica
712 1943 962 2030 praepositionis
992 1939 1078 2024 πρὸς
1095 1943 1200 2012 forma

82 2050 210 2106 tantum
240 2041 358 2127 legitur
380 2041 524 2129 Theogn.
546 2049 624 2126 215,
657 2043 773 2107 ceteris
789 2041 874 2135 locis
896 2051 1080 2108 constanter
1099 2036 1199 2124 πρόςε

83 2143 133 2209 38.
155 2146 225 2208 687.
249 2146 317 2209 810.
342 2147 413 2209 1071
439 2151 522 2225 ·etc.;
555 2163 739 2230 quanquam
767 2141 927 2206 Homerus
958 2150 1088 2227 praeter
1115 2138 1202 2224 πρὸς
1305 2162 1307 2168 ·

83 2239 171 2332 quod
194 2244 255 2306 200
275 2239 354 2304 locis
375 2250 529 2328 apparet,
558 2237 637 2304 ποτὶ
659 2245 697 2309 89
724 2239 804 2305 locis
833 2247 863 2318 (9
891 2241 925 2304 in
947 2241 1200 2326 compositione),

82 2332 201 2416 προτὶ,
236 2339 322 2424 quod
349 2339 438 2427 apud
458 2339 566 2406 Dores
596 2341 629 2404 in
654 2340 759 2406 forma
781 2336 879 2420 nopai
906 2348 1029 2422 exstat,
1061 2346 1101 2407 60
1121 2339 1200 2406 locis

84 2438 268 2524 usurpavit.
277 2439 299 2515 ¹)
347 2439 497 2524 Denique
524 2439 663 2506 fortasse
695 2442 792 2505 etiam
815 2432 947 2503 ἐδίδουν
973 2447 1033 2506 etc.
1069 2439 1132 2504 huc
1152 2463 1200 2506 re·
1243 2499 1247 2506 .

83 2535 256 2602 ferendum
281 2546 343 2621 est,
376 2537 463 2624 quod
494 2539 581 2625 apud
604 2538 711 2606 Dores
741 2548 772 2604 et
791 2539 969 2605 Homerum
995 2531 1115 2602 tutona
1142 2548 1200 2606 etc.

83 2635 231 2702 sonabat.
299 2638 304 2644 '

147 2735 317 2800 Putaverit
340 2737 504 2824 quispiam
529 2759 550 2799 α
568 2760 705 2824 purum,
727 2738 818 2802 utin
840 2737 901 2804 hoc
919 2759 1032 2802 rursus
1054 2759 1201 2802 recurra-

81 2859 166 2918 mus,
187 2841 220 2900 et
242 2855 291 2912 ov,
314 2858 334 2922 p
357 2845 527 2902 contracta
545 2859 785 2924 nonnumquam
805 2859 825 2900 a
839 2838 944 2922 poetis
960 2835 1107 2902 adhibita
1120 2858 1201 2918 esse,

81 2945 119 3002 ut
139 2935 300 3002 Doricum
322 2929 483 3021 quendam
506 2935 645 3002 colorem
668 2934 866 3000 carminibus
888 2935 1076 3001 tribuerent.
1110 2933 1202 3000 Atta-

83 3056 174 3120 men,
202 3033 288 3121 quod
308 3033 351 3098 ad
373 3033 597 3120 Theognidem
620 3034 734 3100 saltem
757 3035 884 3116 attinet,
907 3034 992 3100 hanc
1010 3035 1202 3098 sententiam
1252 3094 1254 3100 .

83 3156 220 3222 prorsus
240 3131 356 3198 falsam
380 3155 451 3198 esse
471 3133 644 3220 intelleget,
668 3135 851 3221 quicunque
883 3135 1029 3198 carmina
1051 3141 1202 3198 accurate
1229 3149 1231 3154 ·

82 3234 210 3320 legerit.
259 3231 388 3314 Etenim
423 3256 488 3298 una
519 3232 695 3320 eademque
729 3233 797 3298 fere
827 3241 945 3297 natura
979 3233 1120 3298 omnium
1153 3239 1202 3296 est
1263 3281 1265 3285 .

82 3334 271 3420 elegiarum.
1097 3395 1098 3398 ,

146 3432 271 3516 Itaque,
293 3431 451 3517 inquiunt,
475 3453 659 3519 quanquam
679 3430 740 3497 tibi
762 3430 928 3516 largimur,
951 3438 986 3494 ut
1008 3427 1200 3514 Theognidi,

84 3532 140 3618 qui
163 3531 305 3596 maxime
326 3529 368 3594 ad
391 3531 511 3596 amicos
532 3529 657 3596 nobiles
671 3529 806 3598 consilio
829 3528 1032 3597 adiuvandus
1056 3529 1202 3594 carmina

85 3632 316 3718 composuerit,
344 3628 463 3715 ubique
484 3631 605 3696 formas
626 3631 754 3696 Ionicas
782 3630 950 3712 restituas,
976 3638 1086 3694 tamen
1113 3625 1202 3714 apud

85 3731 280 3816 Tyrtaeum,
309 3730 365 3817 qui
386 3728 541 3816 populum
564 3729 679 3795 adres
702 3729 872 3816 praeclare
892 3727 1053 3814 gerendas
1075 3725 1200 3790 inflam-

85 3851 177 3894 mare
199 3825 356 3910 studeret,
378 3827 430 3892 vel
453 3826 495 3893 ad
518 3851 571 3906 ea,
594 3851 677 3917 quae
699 3827 830 3894 oraculo
851 3827 1000 3892 instituta
1022 3835 1138 3909 essent,
1162 3825 1203 3888 fi-

86 3927 201 3993 deliter
223 3925 440 4011 observanda,
461 3926 581 4015 ubique
604 3929 800 4016 scripturam
821 3926 978 3992 traditam
998 3933 1133 3992 tuemur.

117 4099 120 4106 ι
140 4101 165 4214 l)
184 4144 306 4212 Bekker,
324 4143 560 4200 Monatsberichte
577 4144 627 4199 der
644 4144 717 4202 Berl.
738 4145 827 4201 Acad.
849 4147 921 4212 1860,
938 4159 966 4214 p.
985 4143 1042 4196 322.
