3008 4968
830 401 891 463 230

303 575 539 692 attactumq·
568 578 631 658 Qui
654 601 725 642 oum
749 603 789 644 ex
812 578 863 644 Ol.
887 584 926 644 66
949 580 1027 661 sint,
1050 579 1105 644 ubi
1128 579 1170 643 de
1196 581 1413 644 contractione

302 775 422 839 ultimis
444 773 524 859 κλης
547 787 674 840 acutum
699 687 885 862 tponendum
909 800 997 860 esse,
1027 801 1092 843 non
1121 800 1196 842 cum
1216 776 1415 842 Kircbhoffio

302 876 555 941 circumflexum.

365 975 572 1039 Homericam
596 985 729 1040 consuet
716 975 860 1040 tudinem
883 975 988 1062 sequit
989 999 1041 1039 ur:

366 1074 457 1159 Tyrt.
483 1082 529 1155 ll,
555 1085 565 1138 1
593 1077 627 1138 in
643 1067 833 1158 Ἡρακλῆος
854 1083 885 1138 et
908 1073 1053 1159 Theogn.
1076 1079 1136 1142 923
1160 1075 1194 1138 in
1221 1067 1327 1154 Οὕτω,
1348 1074 1418 1155 Δη-

303 1167 492 1256 μόκλειςΙΙ.
552 1175 778 1238 Nominativus
808 1195 872 1236 non
902 1183 1087 1237 contractus
1116 1182 1165 1237 est
1191 1173 1294 1239 Phoc.
1323 1181 1355 1254 1,
1384 1179 1416 1238 2:

303 1268 360 1333 καὶ
380 1268 555 1356 Προκλέης
574 1268 706 1353 Λέριος
727 1273 778 1350 (of.
800 1271 982 1336 Demodoci
1004 1273 1043 1336 fr.
1069 1277 1095 1354 1,
1118 1277 1159 1349 2).

364 1371 489 1435 Eodem
511 1371 581 1436 loco
603 1372 720 1457 legitur
742 1373 847 1449 (Dem.
874 1377 899 1454 1,
916 1377 947 1449 2)
969 1365 1088 1446 πάντες
1109 1367 1197 1456 πλὴν
1213 1365 1415 1452 Προκλέους,

304 1491 400 1554 quarn
429 1471 567 1534 formam
595 1473 697 1536 errori
724 1471 934 1534 librariorum
964 1467 1171 1534 tribuendam
1195 1492 1267 1534 esse
1291 1493 1331 1534 ac
1353 1493 1417 1534 mu·

302 1567 435 1631 tandam
456 1571 490 1632 in
511 1565 687 1648 Προκλέος
707 1570 916 1655 intellegitur.

366 1667 466 1752 Apud
487 1670 585 1735 Arch.
608 1670 646 1736 el.
670 1675 705 1751 9,
733 1678 743 1734 1
771 1679 859 1734 recte
880 1668 1036 1734 traditum
1058 1661 1309 1750 θι1Πιρίιιλεες
1332 1673 1420 1743 (ante

303 1788 472 1858 caesuram
495 1767 687 1846 bucolicam)
708 1779 740 1833 et
759 1769 868 1854 hymn.
895 1775 966 1834 119:
985 1761 1175 1850 Ἡράκλεες.

364 1865 500 1947 Eadem,
524 1870 662 1954 quaein
682 1868 734 1933 his
761 1867 917 1954 stirpibus
942 1866 1112 1933 observari
1140 1865 1222 1940 solet
1243 1868 1344 1941 ratio,
1364 1865 1418 1929 do·

302 1965 443 2028 minatur
471 1967 504 2030 in
532 1967 705 2054 stirpibus,
737 1989 820 2054 quae
853 1969 886 2032 in
920 1989 959 2041 ας
990 1975 1118 2032 exeunt.
1160 1967 1283 2030 Forma
1313 1965 1419 2030 soluta

301 2055 422 2145 γήραος
450 2064 569 2150 legitur
597 2065 696 2131 Arch.
728 2089 779 2152 ep.
814 2073 883 2131 116.
909 2064 1022 2131 Mimo.
1051 2071 1085 2146 2,
1107 2071 1141 2130 6.
1179 2064 1325 2148 Theogn.
1361 2069 1417 2130 527

301 2163 438 2240 (Mimn.)
461 2164 639 2230 Contracta
668 2158 772 2249 γήρως
794 2165 939 2249 Theogn.
971 2172 1028 2232 174
1050 2163 1236 2248 analogiam
1264 2163 1367 2228 habet
1386 2164 1418 2226 in

301 2260 477 2326 Homerica
499 2265 619 2344 κρειῶν
640 2262 692 2342 (cf.
715 2257 822 2344 σέλαι,
844 2259 965 2341 δέπαι).

365 2361 449 2426 Oont
436 2370 488 2426 tra
509 2361 664 2429 feminina
685 2362 808 2472 (duo),
818 2383 955 2448 quorum
984 2363 1083 2448 stirps
1111 2361 1259 2426 desinit
1250 2384 1285 2426 ιιι
1307 2381 1346 2435 ος
1369 2359 1417 2424 vel

302 2459 344 2526 ab
373 2462 474 2546 epicis
502 2471 534 2526 et
561 2461 696 2528 Ionibus
725 2483 890 2548 nunquam
919 2483 984 2526 non
1015 2461 1261 2526 contrahuntur.
1302 2461 1417 2546 Itaque

300 2581 366 2624 non
387 2559 561 2624 offendes
552 2582 586 2622 ιιι
608 2551 724 2635 αἰδοῦς
745 2559 839 2646 Tyrt.
817 2566 911 2641 112,
935 2568 983 2627 40.
1028 2561 1172 2646 Theogn
1196 2565 1268 2628 253.
1290 2566 1362 2627 410.
1378 2595 1417 2604 -

304 2662 382 2724 1266
399 2663 499 2744 (inp).

363 2761 393 2834 6)
417 2755 543 2842 Stirpes
565 2779 648 2841 quae
669 2760 703 2820 in
724 2779 757 2838 τ,
780 2756 867 2842 quod
890 2756 1009 2822 dicitur
1029 2756 1159 2838 mobile,
1188 2765 1326 2838 exeunt,
1358 2755 1417 2823 hoc

301 2855 335 2918 in
357 2854 487 2920 casibus
514 2855 654 2942 obliquis
680 2855 770 2942 apud
791 2857 888 2920 lonas
913 2857 1110 2922 recentiores
1138 2865 1173 2921 ut
1192 2857 1228 2920 in
1249 2863 1319 2921 tota
1339 2856 1416 2920 anti-

301 2955 414 3038 quiore
438 2953 550 3040 lingua
577 2965 608 3018 et
634 2954 824 3040 plerumque
851 2955 940 3041 apud
960 2955 1138 3020 Homerum
1171 2957 1276 3020 eicere
1305 2954 1415 3032 solent,

300 3051 351 3116 vel
372 3055 479 3138 potius
499 3053 541 3130 λθ)
564 3053 701 3118 duarum
724 3055 874 3140 stirpium
880 3103 889 3136 ,
919 3053 1053 3120 alterius
1075 3056 1110 3118 in
1131 3076 1163 3134 c,
1186 3053 1321 3120 alterius
1343 3054 1416 3118 ino

301 3152 496 3229 exeuntium,
516 3151 564 3216 illi
585 3153 667 3216 haec
688 3153 880 3238 praefertur.

360 3249 434 3314 Huc
462 3251 637 3335 pertinent:
664 3251 764 3317 Arch.
793 3274 845 3338 ep.
876 3259 941 3320 101).
980 3253 1125 3338 Theogn.
1147 3258 1216 3318 217.
1249 3252 1343 3337 Tyrt.
1373 3258 1414 3328 111,

300 3353 340 3414 27
364 3341 456 3428 χρόα.
500 3349 645 3434 Theogn.
677 3355 748 3417 1341
783 3357 872 3436 (mp.)
900 3345 1120 3432 ἁπαλόχροος.
1143 3387 1184 3398 -
1206 3351 1284 3416 Sim.
1305 3357 1368 3432 24,
1399 3356 1410 3413 1

300 3455 332 3510 ct
354 3447 498 3533 Theogn.
521 3453 597 3514 293:
626 3443 718 3527 κρέα,
744 3448 808 3526 [ubi
835 3461 967 3536 propter
994 3451 1130 3513 nimium
1156 3449 1317 3514 vocalium
1344 3471 1412 3513 con-

301 3567 430 3610 cursum
453 3569 553 3610 unum
575 3567 591 3607 ε
612 3546 725 3610 elisum
754 3556 810 3612 est.
856 3547 904 3614 (if.
929 3557 1059 3634 praeter
1086 3548 1177 3613 locos
1198 3547 1411 3613 Herodoteos:

299 3643 491 3730 Hippocrat.
514 3643 605 3708 AAL
627 3651 676 3712 25.

362 3749 393 3819 7)
417 3742 582 3832 Similiter
595 3747 818 3830 comparativi,
841 3735 893 3810 ιον
915 3747 1032 3836 suffixo
1051 3747 1192 3824 formati,
1214 3757 1246 3812 et
1264 3741 1411 3812 nonnulla

302 3841 520 3924 substantiva,
560 3865 643 3929 quae
677 3865 693 3904 ν
726 3843 822 3910 finale
854 3847 889 3910 in
925 3845 1056 3912 casibus
1092 3845 1285 3930 quibusdam
1318 3843 1409 3928 vulgo

369 4057 410 4123 211)
431 4053 519 4122 Curt,
537 4057 761 4130 Erlituterungcn
779 4063 821 4114 63.
