<?xml version="1.0" encoding="UTF-8"?>
<!DOCTYPE html PUBLIC "-//W3C//DTD XHTML 1.0 Transitional//EN"
    "http://www.w3.org/TR/xhtml1/DTD/xhtml1-transitional.dtd">
<html xmlns="http://www.w3.org/1999/xhtml" xml:lang="en" lang="en">
 <head>
  <title>
</title>
<meta http-equiv="Content-Type" content="text/html;charset=utf-8" />
  <meta name='ocr-system' content='tesseract 3.04.00' />
  <meta name='ocr-capabilities' content='ocr_page ocr_carea ocr_par ocr_line ocrx_word'/>
</head>
<body>
  <div class='ocr_page' id='page_1' title='image "./studienzurgriec00vanigoog/studienzurgriec00vanigoog_0338.png"; bbox 0 0 3034 4964; ppageno 0'>
   <div class='ocr_carea' id='block_1_1' title="bbox 889 443 930 506">
    <p class='ocr_par' dir='ltr' id='par_1_1' title="bbox 889 443 930 506">
     <span class='ocr_line' id='line_1_1' title="bbox 889 443 930 506; baseline 0.049 -2"><span class='ocrx_word' id='word_1_1' title='bbox 889 443 930 506; x_wconf 83' lang='lat'>50</span> 
     </span>
    </p>
   </div>
   <div class='ocr_carea' id='block_1_2' title="bbox 352 615 1503 3789">
    <p class='ocr_par' dir='ltr' id='par_1_2' title="bbox 352 615 1455 1502">
     <span class='ocr_line' id='line_1_2' title="bbox 353 615 1453 706; baseline -0.004 -23"><span class='ocrx_word' id='word_1_2' title='bbox 353 643 366 683; x_wconf 95' lang='grc' dir='ltr'><em>ι</em></span> <span class='ocrx_word' id='word_1_3' title='bbox 385 617 493 684; x_wconf 89' lang='lat' dir='ltr'>vocali</span> <span class='ocrx_word' id='word_1_4' title='bbox 517 616 559 683; x_wconf 88' lang='lat' dir='ltr'>ab</span> <span class='ocrx_word' id='word_1_5' title='bbox 580 620 707 706; x_wconf 81' lang='lat' dir='ltr'>origine</span> <span class='ocrx_word' id='word_1_6' title='bbox 727 617 820 684; x_wconf 85' lang='lat' dir='ltr'>brevi</span> <span class='ocrx_word' id='word_1_7' title='bbox 832 621 857 697; x_wconf 83' lang='lat'>⁸)</span> <span class='ocrx_word' id='word_1_8' title='bbox 878 618 946 683; x_wconf 87' lang='lat' dir='ltr'>ictu</span> <span class='ocrx_word' id='word_1_9' title='bbox 959 640 1073 686; x_wconf 87' lang='lat' dir='ltr'>versus</span> <span class='ocrx_word' id='word_1_10' title='bbox 1095 615 1257 705; x_wconf 86' lang='lat' dir='ltr'>producta</span> <span class='ocrx_word' id='word_1_11' title='bbox 1276 625 1311 683; x_wconf 88' lang='lat' dir='ltr'>ut</span> <span class='ocrx_word' id='word_1_12' title='bbox 1327 639 1453 684; x_wconf 90' lang='lat' dir='ltr'>nonnun-</span> 
     </span>
     <span class='ocr_line' id='line_1_3' title="bbox 352 715 1453 808; baseline -0.005 -23"><span class='ocrx_word' id='word_1_13' title='bbox 352 743 450 808; x_wconf 89' lang='lat' dir='ltr'>quam</span> <span class='ocrx_word' id='word_1_14' title='bbox 472 717 514 784; x_wconf 89' lang='lat' dir='ltr'>ab</span> <span class='ocrx_word' id='word_1_15' title='bbox 536 717 696 802; x_wconf 82' lang='lat' dir='ltr'>Homero,</span> <span class='ocrx_word' id='word_1_16' title='bbox 726 739 854 806; x_wconf 85' lang='lat' dir='ltr'>semper</span> <span class='ocrx_word' id='word_1_17' title='bbox 876 739 896 782; x_wconf 89' lang='lat' dir='ltr'>a</span> <span class='ocrx_word' id='word_1_18' title='bbox 918 719 1024 804; x_wconf 77' lang='grc'><strong>666116</strong></span> <span class='ocrx_word' id='word_1_19' title='bbox 1045 716 1173 784; x_wconf 85' lang='grc' dir='ltr'><strong>Α111616.</strong></span> <span class='ocrx_word' id='word_1_20' title='bbox 1193 753 1235 764; x_wconf 90' lang='lat'>—·</span> <span class='ocrx_word' id='word_1_21' title='bbox 1261 715 1325 794; x_wconf 76' lang='grc' dir='ltr'><em>ἵεις</em></span> <span class='ocrx_word' id='word_1_22' title='bbox 1344 715 1402 782; x_wconf 89' lang='lat' dir='ltr'>Sol.</span> <span class='ocrx_word' id='word_1_23' title='bbox 1420 725 1453 780; x_wconf 86' lang='lat' dir='ltr'>tr.</span> 
     </span>
     <span class='ocr_line' id='line_1_4' title="bbox 352 809 1454 905; baseline -0.01 -18"><span class='ocrx_word' id='word_1_24' title='bbox 352 825 402 902; x_wconf 91' lang='grc'>36,</span> <span class='ocrx_word' id='word_1_25' title='bbox 421 825 467 887; x_wconf 88' lang='grc'>16.</span> <span class='ocrx_word' id='word_1_26' title='bbox 491 817 637 904; x_wconf 81' lang='lat' dir='ltr'>Theogn.</span> <span class='ocrx_word' id='word_1_27' title='bbox 651 823 711 886; x_wconf 98' lang='grc'>419</span> <span class='ocrx_word' id='word_1_28' title='bbox 726 823 808 896; x_wconf 79' lang='grc' dir='ltr'><strong>(σιν)</strong></span> <span class='ocrx_word' id='word_1_29' title='bbox 824 826 856 883; x_wconf 90' lang='grc'>61</span> <span class='ocrx_word' id='word_1_30' title='bbox 871 809 1001 899; x_wconf 73' lang='grc' dir='ltr'><em>ἱέμενος</em></span> <span class='ocrx_word' id='word_1_31' title='bbox 1014 819 1081 884; x_wconf 82' lang='grc'><strong>1616</strong></span> <span class='ocrx_word' id='word_1_32' title='bbox 1097 816 1272 905; x_wconf 87' lang='lat' dir='ltr'>producto:</span> <span class='ocrx_word' id='word_1_33' title='bbox 1296 817 1401 882; x_wconf 84' lang='lat' dir='ltr'>Mimn.</span> <span class='ocrx_word' id='word_1_34' title='bbox 1416 822 1454 883; x_wconf 91' lang='grc'>16.</span> 
     </span>
     <span class='ocr_line' id='line_1_5' title="bbox 353 913 1455 1004; baseline -0.005 -22"><span class='ocrx_word' id='word_1_35' title='bbox 353 917 496 1004; x_wconf 87' lang='lat' dir='ltr'>Theogn.</span> <span class='ocrx_word' id='word_1_36' title='bbox 523 923 610 985; x_wconf 90' lang='grc'><strong>1064.</strong></span> <span class='ocrx_word' id='word_1_37' title='bbox 632 955 673 966; x_wconf 92' lang='grc'>-</span> <span class='ocrx_word' id='word_1_38' title='bbox 696 918 819 982; x_wconf 80' lang='grc' dir='ltr'><em>συνιεῖν</em></span> <span class='ocrx_word' id='word_1_39' title='bbox 835 916 980 1004; x_wconf 88' lang='lat' dir='ltr'>Theogn.</span> <span class='ocrx_word' id='word_1_40' title='bbox 1004 923 1073 986; x_wconf 85' lang='grc'><strong>565.</strong></span> <span class='ocrx_word' id='word_1_41' title='bbox 1100 921 1178 984; x_wconf 89' lang='grc'><strong>1237</strong></span> <span class='ocrx_word' id='word_1_42' title='bbox 1192 921 1271 1003; x_wconf 91' lang='lat' dir='ltr'>(mp,</span> <span class='ocrx_word' id='word_1_43' title='bbox 1294 915 1349 980; x_wconf 93' lang='lat' dir='ltr'>nbi</span> <span class='ocrx_word' id='word_1_44' title='bbox 1364 913 1455 978; x_wconf 85' lang='lat' dir='ltr'>Lach-</span> 
     </span>
     <span class='ocr_line' id='line_1_6' title="bbox 352 1014 1455 1102; baseline -0.005 -20"><span class='ocrx_word' id='word_1_45' title='bbox 352 1039 489 1082; x_wconf 90' lang='lat' dir='ltr'>mannus</span> <span class='ocrx_word' id='word_1_46' title='bbox 511 1017 648 1084; x_wconf 89' lang='lat' dir='ltr'>eundem</span> <span class='ocrx_word' id='word_1_47' title='bbox 669 1017 865 1082; x_wconf 82' lang='lat' dir='ltr'>infinitivum</span> <span class='ocrx_word' id='word_1_48' title='bbox 886 1017 1122 1082; x_wconf 81' lang='lat' dir='ltr'>verisimillime</span> <span class='ocrx_word' id='word_1_49' title='bbox 1148 1016 1299 1092; x_wconf 89' lang='lat' dir='ltr'>coniecit)</span> <span class='ocrx_word' id='word_1_50' title='bbox 1327 1014 1455 1102; x_wconf 88' lang='lat' dir='ltr'>sequitur</span> 
     </span>
     <span class='ocr_line' id='line_1_7' title="bbox 354 1113 1454 1204; baseline -0.006 -22"><span class='ocrx_word' id='word_1_51' title='bbox 354 1115 537 1202; x_wconf 75' lang='lat' dir='ltr'>analogiam</span> <span class='ocrx_word' id='word_1_52' title='bbox 560 1117 798 1204; x_wconf 86' lang='lat' dir='ltr'>coniugationis</span> <span class='ocrx_word' id='word_1_53' title='bbox 820 1116 854 1180; x_wconf 92' lang='lat' dir='ltr'>in</span> <span class='ocrx_word' id='word_1_54' title='bbox 874 1113 924 1195; x_wconf 80' lang='grc' dir='ltr'>μἰ.</span> <span class='ocrx_word' id='word_1_55' title='bbox 960 1116 1156 1204; x_wconf 77' lang='lat' dir='ltr'>Quanquam</span> <span class='ocrx_word' id='word_1_56' title='bbox 1178 1115 1261 1180; x_wconf 89' lang='lat' dir='ltr'>haec</span> <span class='ocrx_word' id='word_1_57' title='bbox 1281 1115 1384 1179; x_wconf 77' lang='lat' dir='ltr'>torma</span> <span class='ocrx_word' id='word_1_58' title='bbox 1403 1133 1454 1176; x_wconf 89' lang='lat' dir='ltr'>non</span> 
     </span>
     <span class='ocr_line' id='line_1_8' title="bbox 354 1209 1455 1304; baseline -0.006 -23"><span class='ocrx_word' id='word_1_59' title='bbox 354 1216 443 1304; x_wconf 90' lang='lat' dir='ltr'>apud</span> <span class='ocrx_word' id='word_1_60' title='bbox 470 1216 650 1282; x_wconf 84' lang='lat' dir='ltr'>Homerum</span> <span class='ocrx_word' id='word_1_61' title='bbox 676 1217 855 1303; x_wconf 86' lang='lat' dir='ltr'>reperitur,</span> <span class='ocrx_word' id='word_1_62' title='bbox 890 1224 1000 1281; x_wconf 89' lang='lat' dir='ltr'>tamen</span> <span class='ocrx_word' id='word_1_63' title='bbox 1028 1217 1057 1280; x_wconf 90' lang='lat' dir='ltr'>is</span> <span class='ocrx_word' id='word_1_64' title='bbox 1081 1215 1198 1281; x_wconf 90' lang='lat' dir='ltr'>multas</span> <span class='ocrx_word' id='word_1_65' title='bbox 1228 1212 1348 1280; x_wconf 83' lang='lat' dir='ltr'>similes</span> <span class='ocrx_word' id='word_1_66' title='bbox 1371 1209 1455 1276; x_wconf 85' lang='lat' dir='ltr'>habet</span> 
     </span>
     <span class='ocr_line' id='line_1_9' title="bbox 354 1305 1454 1402; baseline -0.006 -21"><span class='ocrx_word' id='word_1_67' title='bbox 354 1317 394 1381; x_wconf 81' lang='lat' dir='ltr'>cf.</span> <span class='ocrx_word' id='word_1_68' title='bbox 417 1313 490 1392; x_wconf 79' lang='grc' dir='ltr'>ἱέις,</span> <span class='ocrx_word' id='word_1_69' title='bbox 513 1313 558 1379; x_wconf 78' lang='grc' dir='ltr'>ἵει</span> <span class='ocrx_word' id='word_1_70' title='bbox 587 1315 669 1381; x_wconf 88' lang='grc'><strong>61166</strong></span> <span class='ocrx_word' id='word_1_71' title='bbox 696 1316 730 1380; x_wconf 91' lang='grc'>16</span> <span class='ocrx_word' id='word_1_72' title='bbox 747 1315 829 1380; x_wconf 83' lang='lat' dir='ltr'>aliis</span> <span class='ocrx_word' id='word_1_73' title='bbox 852 1314 971 1382; x_wconf 86' lang='lat' dir='ltr'>verbis.</span> <span class='ocrx_word' id='word_1_74' title='bbox 993 1351 1034 1362; x_wconf 86' lang='lat'><em>-</em></span> <span class='ocrx_word' id='word_1_75' title='bbox 1065 1305 1162 1402; x_wconf 77' lang='grc' dir='ltr'><em>ἀφέω</em></span> <span class='ocrx_word' id='word_1_76' title='bbox 1184 1313 1379 1380; x_wconf 77' lang='lat' dir='ltr'>coniunctis.</span> <span class='ocrx_word' id='word_1_77' title='bbox 1399 1333 1454 1376; x_wconf 86' lang='lat' dir='ltr'>aor.</span> 
     </span>
     <span class='ocr_line' id='line_1_10' title="bbox 353 1414 634 1502; baseline 0.007 -24"><span class='ocrx_word' id='word_1_78' title='bbox 353 1414 454 1502; x_wconf 92' lang='lat' dir='ltr'>Hipp.</span> <span class='ocrx_word' id='word_1_79' title='bbox 475 1425 515 1478; x_wconf 87' lang='lat' dir='ltr'>tr.</span> <span class='ocrx_word' id='word_1_80' title='bbox 539 1421 634 1497; x_wconf 83' lang='lat'>75,1.</span> 
     </span>
    </p>

    <p class='ocr_par' dir='ltr' id='par_1_3' title="bbox 354 1510 1455 1800">
     <span class='ocr_line' id='line_1_11' title="bbox 416 1510 1455 1601; baseline -0.006 -24"><span class='ocrx_word' id='word_1_81' title='bbox 416 1513 501 1577; x_wconf 87' lang='lat' dir='ltr'>Tum</span> <span class='ocrx_word' id='word_1_82' title='bbox 522 1535 564 1578; x_wconf 86' lang='lat' dir='ltr'>ex</span> <span class='ocrx_word' id='word_1_83' title='bbox 583 1514 757 1600; x_wconf 85' lang='lat' dir='ltr'>stirpibus,</span> <span class='ocrx_word' id='word_1_84' title='bbox 788 1536 871 1601; x_wconf 88' lang='lat' dir='ltr'>quae</span> <span class='ocrx_word' id='word_1_85' title='bbox 899 1511 1049 1579; x_wconf 88' lang='lat' dir='ltr'>desinunt</span> <span class='ocrx_word' id='word_1_86' title='bbox 1075 1515 1109 1578; x_wconf 91' lang='lat' dir='ltr'>in</span> <span class='ocrx_word' id='word_1_87' title='bbox 1131 1535 1163 1590; x_wconf 91' lang='grc' dir='ltr'>ι,</span> <span class='ocrx_word' id='word_1_88' title='bbox 1199 1510 1398 1578; x_wconf 84' lang='lat' dir='ltr'>afferendum</span> <span class='ocrx_word' id='word_1_89' title='bbox 1417 1517 1455 1574; x_wconf 87' lang='lat' dir='ltr'>est</span> 
     </span>
     <span class='ocr_line' id='line_1_12' title="bbox 354 1599 1454 1699; baseline -0.001 -24"><span class='ocrx_word' id='word_1_90' title='bbox 354 1599 452 1692; x_wconf 81' lang='grc' dir='ltr'><em>εἶμι.</em></span> <span class='ocrx_word' id='word_1_91' title='bbox 505 1611 578 1693; x_wconf 80' lang='lat' dir='ltr'>Quo</span> <span class='ocrx_word' id='word_1_92' title='bbox 611 1612 739 1677; x_wconf 80' lang='lat' dir='ltr'>facilius</span> <span class='ocrx_word' id='word_1_93' title='bbox 776 1622 948 1699; x_wconf 66' lang='lat' dir='ltr'>poetarum</span> <span class='ocrx_word' id='word_1_94' title='bbox 985 1612 1251 1679; x_wconf 89' lang='lat' dir='ltr'>consuetudinem</span> <span class='ocrx_word' id='word_1_95' title='bbox 1284 1631 1454 1696; x_wconf 79' lang='lat' dir='ltr'>cognoscas,</span> 
     </span>
     <span class='ocr_line' id='line_1_13' title="bbox 355 1711 1272 1800; baseline -0.001 -24"><span class='ocrx_word' id='word_1_96' title='bbox 355 1713 452 1776; x_wconf 89' lang='lat' dir='ltr'>etiarn</span> <span class='ocrx_word' id='word_1_97' title='bbox 474 1711 527 1776; x_wconf 89' lang='lat' dir='ltr'>hic</span> <span class='ocrx_word' id='word_1_98' title='bbox 549 1712 686 1794; x_wconf 88' lang='lat' dir='ltr'>formas,</span> <span class='ocrx_word' id='word_1_99' title='bbox 708 1733 788 1799; x_wconf 90' lang='lat' dir='ltr'>quas</span> <span class='ocrx_word' id='word_1_100' title='bbox 813 1711 939 1798; x_wconf 86' lang='lat' dir='ltr'>collegi,</span> <span class='ocrx_word' id='word_1_101' title='bbox 961 1735 1126 1800; x_wconf 88' lang='lat' dir='ltr'>apponam</span> <span class='ocrx_word' id='word_1_102' title='bbox 1147 1733 1272 1778; x_wconf 90' lang='lat' dir='ltr'>omnes:</span> 
     </span>
    </p>

    <p class='ocr_par' dir='ltr' id='par_1_4' title="bbox 354 1798 1503 3789">
     <span class='ocr_line' id='line_1_14' title="bbox 418 1798 1456 1897; baseline -0.001 -24"><span class='ocrx_word' id='word_1_103' title='bbox 418 1798 488 1892; x_wconf 84' lang='grc' dir='ltr'><em>εἶμι</em></span> <span class='ocrx_word' id='word_1_104' title='bbox 510 1811 657 1897; x_wconf 87' lang='lat' dir='ltr'>Theogn.</span> <span class='ocrx_word' id='word_1_105' title='bbox 682 1817 769 1879; x_wconf 91' lang='grc'><strong>1203.</strong></span> <span class='ocrx_word' id='word_1_106' title='bbox 793 1817 863 1878; x_wconf 85' lang='grc'><strong>579.</strong></span> <span class='ocrx_word' id='word_1_107' title='bbox 886 1799 952 1876; x_wconf 76' lang='grc' dir='ltr'><em>εἶσι</em></span> <span class='ocrx_word' id='word_1_108' title='bbox 982 1817 1070 1879; x_wconf 89' lang='grc'><strong>1204.</strong></span> <span class='ocrx_word' id='word_1_109' title='bbox 1114 1811 1191 1876; x_wconf 88' lang='lat' dir='ltr'>Sim.</span> <span class='ocrx_word' id='word_1_110' title='bbox 1216 1818 1254 1894; x_wconf 97' lang='grc'>7,</span> <span class='ocrx_word' id='word_1_111' title='bbox 1274 1817 1324 1876; x_wconf 95' lang='grc'>74.</span> <span class='ocrx_word' id='word_1_112' title='bbox 1354 1801 1422 1891; x_wconf 78' lang='grc' dir='ltr'><em>ἴμεν</em></span> <span class='ocrx_word' id='word_1_113' title='bbox 1431 1809 1456 1884; x_wconf 69' lang='grc'>1).</span> 
     </span>
     <span class='ocr_line' id='line_1_15' title="bbox 356 1901 1455 1997; baseline -0.001 -23"><span class='ocrx_word' id='word_1_114' title='bbox 356 1909 501 1996; x_wconf 86' lang='lat' dir='ltr'>Theogn.</span> <span class='ocrx_word' id='word_1_115' title='bbox 518 1915 588 1980; x_wconf 90' lang='grc'><strong>844.</strong></span> <span class='ocrx_word' id='word_1_116' title='bbox 604 1949 645 1959; x_wconf 92' lang='grc'>-</span> <span class='ocrx_word' id='word_1_117' title='bbox 665 1901 708 1973; x_wconf 75' lang='grc' dir='ltr'>ἴω</span> <span class='ocrx_word' id='word_1_118' title='bbox 730 1910 877 1997; x_wconf 86' lang='lat' dir='ltr'>Theogn.</span> <span class='ocrx_word' id='word_1_119' title='bbox 899 1915 969 1977; x_wconf 83' lang='grc'><strong>912.</strong></span> <span class='ocrx_word' id='word_1_120' title='bbox 993 1902 1097 1997; x_wconf 78' lang='grc' dir='ltr'>ἀπίῃς</span> <span class='ocrx_word' id='word_1_121' title='bbox 1111 1917 1180 1979; x_wconf 88' lang='grc'><strong>566.</strong></span> <span class='ocrx_word' id='word_1_122' title='bbox 1203 1901 1301 1991; x_wconf 81' lang='grc' dir='ltr'><em>ἴομεν</em></span> <span class='ocrx_word' id='word_1_123' title='bbox 1317 1907 1381 1975; x_wconf 85' lang='lat' dir='ltr'>Sol.</span> <span class='ocrx_word' id='word_1_124' title='bbox 1396 1913 1421 1990; x_wconf 85' lang='grc'>2,</span> <span class='ocrx_word' id='word_1_125' title='bbox 1433 1915 1455 1988; x_wconf 83' lang='grc'>1,</span> 
     </span>
     <span class='ocr_line' id='line_1_16' title="bbox 354 1998 1455 2098; baseline -0.006 -23"><span class='ocrx_word' id='word_1_126' title='bbox 354 2009 411 2076; x_wconf 90' lang='lat' dir='ltr'>ubi</span> <span class='ocrx_word' id='word_1_127' title='bbox 433 2011 546 2098; x_wconf 81' lang='lat' dir='ltr'>stirpis</span> <span class='ocrx_word' id='word_1_128' title='bbox 564 2009 689 2076; x_wconf 83' lang='lat' dir='ltr'>vocalis</span> <span class='ocrx_word' id='word_1_129' title='bbox 723 2031 836 2075; x_wconf 87' lang='lat' dir='ltr'>versus</span> <span class='ocrx_word' id='word_1_130' title='bbox 868 2011 936 2074; x_wconf 90' lang='lat' dir='ltr'>ictu</span> <span class='ocrx_word' id='word_1_131' title='bbox 967 2011 1059 2098; x_wconf 87' lang='lat' dir='ltr'>epicc</span> <span class='ocrx_word' id='word_1_132' title='bbox 1086 2009 1246 2097; x_wconf 87' lang='lat' dir='ltr'>producta</span> <span class='ocrx_word' id='word_1_133' title='bbox 1267 2019 1384 2074; x_wconf 86' lang='lat' dir='ltr'>est-</span> <span class='ocrx_word' id='word_1_134' title='bbox 1410 1998 1455 2068; x_wconf 72' lang='lat' dir='ltr'>tn</span> 
     </span>
     <span class='ocr_line' id='line_1_17' title="bbox 354 2099 1456 2197; baseline -0.005 -23"><span class='ocrx_word' id='word_1_135' title='bbox 354 2109 457 2197; x_wconf 91' lang='lat' dir='ltr'>Hipp.</span> <span class='ocrx_word' id='word_1_136' title='bbox 486 2119 526 2176; x_wconf 91' lang='lat' dir='ltr'>tr.</span> <span class='ocrx_word' id='word_1_137' title='bbox 553 2117 599 2192; x_wconf 84' lang='grc'>15,</span> <span class='ocrx_word' id='word_1_138' title='bbox 622 2115 651 2176; x_wconf 85' lang='grc'>2.</span> <span class='ocrx_word' id='word_1_139' title='bbox 672 2145 714 2156; x_wconf 95' lang='grc'>-</span> <span class='ocrx_word' id='word_1_140' title='bbox 741 2100 828 2173; x_wconf 80' lang='grc' dir='ltr'><em>ἰέναι</em></span> <span class='ocrx_word' id='word_1_141' title='bbox 856 2110 1000 2196; x_wconf 83' lang='lat' dir='ltr'>Theogn.</span> <span class='ocrx_word' id='word_1_142' title='bbox 1026 2115 1097 2178; x_wconf 86' lang='grc'><strong>352.</strong></span> <span class='ocrx_word' id='word_1_143' title='bbox 1126 2114 1195 2180; x_wconf 88' lang='grc'><strong>468.</strong></span> <span class='ocrx_word' id='word_1_144' title='bbox 1218 2145 1261 2157; x_wconf 93' lang='lat'><em>-</em></span> <span class='ocrx_word' id='word_1_145' title='bbox 1293 2099 1456 2193; x_wconf 72' lang='grc'><strong>16161611.</strong></span> 
     </span>
     <span class='ocr_line' id='line_1_18' title="bbox 359 2197 1454 2298; baseline -0.005 -24"><span class='ocrx_word' id='word_1_146' title='bbox 359 2216 390 2275; x_wconf 92' lang='grc'>11</span> <span class='ocrx_word' id='word_1_147' title='bbox 397 2258 406 2291; x_wconf 95' lang='grc'><strong>,</strong></span> <span class='ocrx_word' id='word_1_148' title='bbox 428 2214 476 2277; x_wconf 82' lang='grc'>29.</span> <span class='ocrx_word' id='word_1_149' title='bbox 499 2209 644 2296; x_wconf 82' lang='lat' dir='ltr'>Theogm</span> <span class='ocrx_word' id='word_1_150' title='bbox 665 2216 713 2275; x_wconf 90' lang='grc'>71.</span> <span class='ocrx_word' id='word_1_151' title='bbox 738 2215 807 2278; x_wconf 91' lang='grc'><strong>382.</strong></span> <span class='ocrx_word' id='word_1_152' title='bbox 832 2215 902 2277; x_wconf 88' lang='grc'><strong>476.</strong></span> <span class='ocrx_word' id='word_1_153' title='bbox 923 2210 1027 2298; x_wconf 89' lang='grc' dir='ltr'><strong>Η166.</strong></span> <span class='ocrx_word' id='word_1_154' title='bbox 1047 2218 1088 2275; x_wconf 86' lang='lat' dir='ltr'>tr.</span> <span class='ocrx_word' id='word_1_155' title='bbox 1111 2213 1161 2293; x_wconf 91' lang='grc'>42,</span> <span class='ocrx_word' id='word_1_156' title='bbox 1183 2214 1276 2276; x_wconf 88' lang='grc'>2.-</span> <span class='ocrx_word' id='word_1_157' title='bbox 1299 2197 1353 2295; x_wconf 86' lang='grc' dir='ltr'>ᾔει</span> <span class='ocrx_word' id='word_1_158' title='bbox 1372 2203 1454 2272; x_wconf 74' lang='lat' dir='ltr'>Aron</span> 
     </span>
     <span class='ocr_line' id='line_1_19' title="bbox 357 2295 1503 2395; baseline -0.003 -23"><span class='ocrx_word' id='word_1_159' title='bbox 357 2311 472 2395; x_wconf 82' lang='grc'><strong>6689,</strong></span> <span class='ocrx_word' id='word_1_160' title='bbox 495 2309 570 2376; x_wconf 90' lang='grc'>316</span> <span class='ocrx_word' id='word_1_161' title='bbox 587 2309 743 2376; x_wconf 85' lang='lat' dir='ltr'>trimetro.</span> <span class='ocrx_word' id='word_1_162' title='bbox 776 2296 1029 2394; x_wconf 76' lang='grc' dir='ltr'><strong>ᾔσανΑ661.81</strong></span> <span class='ocrx_word' id='word_1_163' title='bbox 1052 2295 1455 2394; x_wconf 62' lang='grc'><strong>(1161661166616661661).</strong></span> <span class='ocrx_word' id='word_1_164' title='bbox 1502 2371 1503 2390; x_wconf 42' lang='grc'><strong>,</strong></span> 
     </span>
     <span class='ocr_line' id='line_1_20' title="bbox 357 2391 1503 2494; baseline 0.003 -26"><span class='ocrx_word' id='word_1_165' title='bbox 357 2398 458 2494; x_wconf 79' lang='grc' dir='ltr'><em>ᾔεσαν</em></span> <span class='ocrx_word' id='word_1_166' title='bbox 473 2406 556 2474; x_wconf 83' lang='lat' dir='ltr'>Xon</span> <span class='ocrx_word' id='word_1_167' title='bbox 580 2414 609 2488; x_wconf 88' lang='grc'>3,</span> <span class='ocrx_word' id='word_1_168' title='bbox 630 2414 659 2475; x_wconf 87' lang='grc'>3.</span> <span class='ocrx_word' id='word_1_169' title='bbox 687 2407 781 2488; x_wconf 73' lang='lat' dir='ltr'>Quae</span> <span class='ocrx_word' id='word_1_170' title='bbox 802 2408 928 2474; x_wconf 83' lang='lat' dir='ltr'>formae</span> <span class='ocrx_word' id='word_1_171' title='bbox 949 2429 1022 2473; x_wconf 90' lang='lat' dir='ltr'>cum</span> <span class='ocrx_word' id='word_1_172' title='bbox 1044 2431 1105 2473; x_wconf 91' lang='lat' dir='ltr'>usu</span> <span class='ocrx_word' id='word_1_173' title='bbox 1120 2407 1231 2472; x_wconf 90' lang='lat' dir='ltr'>lonico</span> <span class='ocrx_word' id='word_1_174' title='bbox 1248 2415 1281 2472; x_wconf 90' lang='grc'>61</span> <span class='ocrx_word' id='word_1_175' title='bbox 1296 2405 1454 2473; x_wconf 90' lang='lat' dir='ltr'>Homerico</span> <span class='ocrx_word' id='word_1_176' title='bbox 1502 2391 1503 2471; x_wconf 93' lang='grc'>1</span> 
     </span>
     <span class='ocr_line' id='line_1_21' title="bbox 360 2497 1456 2594; baseline -0.001 -26"><span class='ocrx_word' id='word_1_177' title='bbox 360 2515 543 2590; x_wconf 89' lang='lat' dir='ltr'>congruunt</span> <span class='ocrx_word' id='word_1_178' title='bbox 568 2509 714 2594; x_wconf 87' lang='lat' dir='ltr'>exceptis</span> <span class='ocrx_word' id='word_1_179' title='bbox 741 2506 846 2573; x_wconf 86' lang='lat' dir='ltr'>tribus</span> <span class='ocrx_word' id='word_1_180' title='bbox 876 2509 1040 2574; x_wconf 85' lang='lat' dir='ltr'>extremis.</span> <span class='ocrx_word' id='word_1_181' title='bbox 1083 2506 1191 2592; x_wconf 83' lang='lat' dir='ltr'>Atque</span> <span class='ocrx_word' id='word_1_182' title='bbox 1212 2507 1247 2570; x_wconf 90' lang='lat' dir='ltr'>in</span> <span class='ocrx_word' id='word_1_183' title='bbox 1268 2497 1322 2592; x_wconf 84' lang='grc' dir='ltr'>ᾔει</span> <span class='ocrx_word' id='word_1_184' title='bbox 1343 2503 1456 2593; x_wconf 87' lang='lat' dir='ltr'>quiden</span> 
     </span>
     <span class='ocr_line' id='line_1_22' title="bbox 358 2601 1455 2694; baseline 0.001 -27"><span class='ocrx_word' id='word_1_185' title='bbox 358 2601 494 2668; x_wconf 87' lang='lat' dir='ltr'>haerere</span> <span class='ocrx_word' id='word_1_186' title='bbox 514 2627 580 2670; x_wconf 93' lang='lat' dir='ltr'>non</span> <span class='ocrx_word' id='word_1_187' title='bbox 600 2605 676 2671; x_wconf 89' lang='lat' dir='ltr'>licet</span> <span class='ocrx_word' id='word_1_188' title='bbox 696 2629 756 2672; x_wconf 88' lang='lat' dir='ltr'>nec</span> <span class='ocrx_word' id='word_1_189' title='bbox 783 2606 963 2694; x_wconf 90' lang='lat' dir='ltr'>putandum</span> <span class='ocrx_word' id='word_1_190' title='bbox 987 2616 1036 2672; x_wconf 90' lang='lat' dir='ltr'>cst</span> <span class='ocrx_word' id='word_1_191' title='bbox 1064 2615 1194 2694; x_wconf 68' lang='lat' dir='ltr'>poetam</span> <span class='ocrx_word' id='word_1_192' title='bbox 1220 2605 1455 2671; x_wconf 82' lang='lat' dir='ltr'>contractionem</span> 
     </span>
     <span class='ocr_line' id='line_1_23' title="bbox 357 2700 1456 2794; baseline 0.003 -28"><span class='ocrx_word' id='word_1_193' title='bbox 357 2700 549 2768; x_wconf 83' lang='lat' dir='ltr'>adhibuisse</span> <span class='ocrx_word' id='word_1_194' title='bbox 568 2703 696 2770; x_wconf 90' lang='lat' dir='ltr'>Atticos</span> <span class='ocrx_word' id='word_1_195' title='bbox 719 2714 881 2789; x_wconf 85' lang='lat' dir='ltr'>secutum,</span> <span class='ocrx_word' id='word_1_196' title='bbox 909 2709 1058 2794; x_wconf 89' lang='lat' dir='ltr'>quamvis</span> <span class='ocrx_word' id='word_1_197' title='bbox 1079 2704 1267 2772; x_wconf 85' lang='lat' dir='ltr'>Herodotus</span> <span class='ocrx_word' id='word_1_198' title='bbox 1288 2714 1456 2770; x_wconf 82' lang='lat' dir='ltr'>constanter</span> 
     </span>
     <span class='ocr_line' id='line_1_24' title="bbox 355 2791 1454 2893; baseline 0.001 -29"><span class='ocrx_word' id='word_1_199' title='bbox 355 2791 560 2887; x_wconf 66' lang='grc'><strong>1666161116,</strong></span> <span class='ocrx_word' id='word_1_200' title='bbox 584 2793 636 2890; x_wconf 83' lang='grc' dir='ltr'>ᾔϊι</span> <span class='ocrx_word' id='word_1_201' title='bbox 657 2813 774 2871; x_wconf 86' lang='lat' dir='ltr'>utatur.</span> <span class='ocrx_word' id='word_1_202' title='bbox 818 2805 902 2870; x_wconf 89' lang='lat' dir='ltr'>Nam</span> <span class='ocrx_word' id='word_1_203' title='bbox 924 2798 976 2893; x_wconf 89' lang='grc' dir='ltr'>ᾔει</span> <span class='ocrx_word' id='word_1_204' title='bbox 998 2829 1063 2871; x_wconf 91' lang='grc'>666</span> <span class='ocrx_word' id='word_1_205' title='bbox 1085 2814 1135 2870; x_wconf 89' lang='grc'>661</span> <span class='ocrx_word' id='word_1_206' title='bbox 1156 2825 1199 2869; x_wconf 86' lang='lat' dir='ltr'>ex</span> <span class='ocrx_word' id='word_1_207' title='bbox 1219 2804 1329 2869; x_wconf 85' lang='lat' dir='ltr'>forma</span> <span class='ocrx_word' id='word_1_208' title='bbox 1347 2797 1397 2890; x_wconf 82' lang='grc' dir='ltr'>ᾔῖε</span> <span class='ocrx_word' id='word_1_209' title='bbox 1414 2799 1454 2866; x_wconf 86' lang='lat' dir='ltr'>rel</span> 
     </span>
     <span class='ocr_line' id='line_1_25' title="bbox 356 2887 1456 2992; baseline 0.002 -29"><span class='ocrx_word' id='word_1_210' title='bbox 356 2887 394 2986; x_wconf 85' lang='grc' dir='ltr'>ᾔε</span> <span class='ocrx_word' id='word_1_211' title='bbox 421 2921 481 2987; x_wconf 90' lang='lat' dir='ltr'>per</span> <span class='ocrx_word' id='word_1_212' title='bbox 510 2903 762 2968; x_wconf 88' lang='lat' dir='ltr'>contractionem</span> <span class='ocrx_word' id='word_1_213' title='bbox 787 2905 822 2984; x_wconf 90' lang='grc'>(1)</span> <span class='ocrx_word' id='word_1_214' title='bbox 850 2915 977 2989; x_wconf 87' lang='lat' dir='ltr'>notum,</span> <span class='ocrx_word' id='word_1_215' title='bbox 1010 2927 1049 2970; x_wconf 88' lang='lat' dir='ltr'>ea</span> <span class='ocrx_word' id='word_1_216' title='bbox 1080 2925 1164 2992; x_wconf 90' lang='lat' dir='ltr'>quae</span> <span class='ocrx_word' id='word_1_217' title='bbox 1196 2911 1246 2968; x_wconf 88' lang='grc'>661</span> <span class='ocrx_word' id='word_1_218' title='bbox 1279 2903 1456 2992; x_wconf 70' lang='lat' dir='ltr'>pervulgata</span> 
     </span>
     <span class='ocr_line' id='line_1_26' title="bbox 356 2999 1454 3092; baseline 0.001 -29"><span class='ocrx_word' id='word_1_219' title='bbox 356 2999 481 3086; x_wconf 92' lang='lat' dir='ltr'>opinio,</span> <span class='ocrx_word' id='word_1_220' title='bbox 504 3000 563 3066; x_wconf 86' lang='lat' dir='ltr'>sed</span> <span class='ocrx_word' id='word_1_221' title='bbox 583 3003 709 3089; x_wconf 91' lang='lat' dir='ltr'>potius,</span> <span class='ocrx_word' id='word_1_222' title='bbox 730 3013 766 3070; x_wconf 91' lang='lat' dir='ltr'>ut</span> <span class='ocrx_word' id='word_1_223' title='bbox 788 3003 828 3071; x_wconf 79' lang='grc'>(1.</span> <span class='ocrx_word' id='word_1_224' title='bbox 852 3004 985 3072; x_wconf 73' lang='lat' dir='ltr'>Curtius</span> <span class='ocrx_word' id='word_1_225' title='bbox 1006 3003 1192 3092; x_wconf 85' lang='lat' dir='ltr'>perspexit,</span> <span class='ocrx_word' id='word_1_226' title='bbox 1217 3001 1261 3068; x_wconf 88' lang='lat' dir='ltr'>ad</span> <span class='ocrx_word' id='word_1_227' title='bbox 1281 3003 1378 3069; x_wconf 87' lang='lat' dir='ltr'>sliam</span> <span class='ocrx_word' id='word_1_228' title='bbox 1396 3022 1454 3088; x_wconf 90' lang='lat' dir='ltr'>per·</span> 
     </span>
     <span class='ocr_line' id='line_1_27' title="bbox 356 3091 1455 3189; baseline 0.002 -27"><span class='ocrx_word' id='word_1_229' title='bbox 356 3099 437 3164; x_wconf 87' lang='lat' dir='ltr'>tinet</span> <span class='ocrx_word' id='word_1_230' title='bbox 462 3099 708 3186; x_wconf 69' lang='lat' dir='ltr'>formationem</span> <span class='ocrx_word' id='word_1_231' title='bbox 741 3125 814 3169; x_wconf 88' lang='lat' dir='ltr'>cum</span> <span class='ocrx_word' id='word_1_232' title='bbox 843 3094 930 3189; x_wconf 86' lang='grc' dir='ltr'><strong>ᾔι-6</strong></span> <span class='ocrx_word' id='word_1_233' title='bbox 961 3106 1045 3170; x_wconf 92' lang='lat' dir='ltr'>enim</span> <span class='ocrx_word' id='word_1_234' title='bbox 1070 3101 1124 3168; x_wconf 84' lang='lat' dir='ltr'>vel</span> <span class='ocrx_word' id='word_1_235' title='bbox 1151 3091 1213 3189; x_wconf 51' lang='lat' dir='ltr'>,ri-u</span> <span class='ocrx_word' id='word_1_236' title='bbox 1243 3099 1455 3170; x_wconf 84' lang='lat' dir='ltr'>conferendum</span> 
     </span>
     <span class='ocr_line' id='line_1_28' title="bbox 357 3192 1454 3290; baseline 0.004 -28"><span class='ocrx_word' id='word_1_237' title='bbox 357 3207 406 3262; x_wconf 88' lang='lat' dir='ltr'>est</span> <span class='ocrx_word' id='word_1_238' title='bbox 428 3199 556 3285; x_wconf 89' lang='lat' dir='ltr'>epicum</span> <span class='ocrx_word' id='word_1_239' title='bbox 577 3192 711 3278; x_wconf 75' lang='grc'><strong>861066,</strong></span> <span class='ocrx_word' id='word_1_240' title='bbox 742 3193 827 3288; x_wconf 84' lang='grc' dir='ltr'><em>ᾔειν,</em></span> <span class='ocrx_word' id='word_1_241' title='bbox 852 3205 952 3278; x_wconf 69' lang='grc' dir='ltr'>ι66166</span> <span class='ocrx_word' id='word_1_242' title='bbox 983 3209 1012 3271; x_wconf 90' lang='grc'>3.</span> <span class='ocrx_word' id='word_1_243' title='bbox 1034 3225 1085 3290; x_wconf 90' lang='grc'>66.</span> <span class='ocrx_word' id='word_1_244' title='bbox 1110 3210 1161 3268; x_wconf 89' lang='grc'>661</span> <span class='ocrx_word' id='word_1_245' title='bbox 1186 3193 1257 3290; x_wconf 85' lang='grc' dir='ltr'>ᾔει,</span> <span class='ocrx_word' id='word_1_246' title='bbox 1287 3203 1454 3290; x_wconf 82' lang='lat' dir='ltr'>plusquam</span> 
     </span>
     <span class='ocr_line' id='line_1_29' title="bbox 359 3297 1498 3390; baseline 0.003 -29"><span class='ocrx_word' id='word_1_247' title='bbox 359 3297 496 3384; x_wconf 86' lang='lat' dir='ltr'>perfecti</span> <span class='ocrx_word' id='word_1_248' title='bbox 514 3321 663 3364; x_wconf 91' lang='lat' dir='ltr'>normam</span> <span class='ocrx_word' id='word_1_249' title='bbox 678 3303 832 3388; x_wconf 87' lang='lat' dir='ltr'>sequitur.</span> <span class='ocrx_word' id='word_1_250' title='bbox 863 3302 976 3390; x_wconf 86' lang='lat' dir='ltr'>Itaque</span> <span class='ocrx_word' id='word_1_251' title='bbox 991 3305 1038 3368; x_wconf 90' lang='lat' dir='ltr'>sic</span> <span class='ocrx_word' id='word_1_252' title='bbox 1054 3301 1258 3368; x_wconf 82' lang='lat' dir='ltr'>statuendum</span> <span class='ocrx_word' id='word_1_253' title='bbox 1280 3303 1341 3368; x_wconf 87' lang='lat' dir='ltr'>erit</span> <span class='ocrx_word' id='word_1_254' title='bbox 1354 3311 1454 3366; x_wconf 84' lang='lat' dir='ltr'>utram·</span> <span class='ocrx_word' id='word_1_255' title='bbox 1497 3297 1498 3365; x_wconf 92' lang='grc'>1</span> 
     </span>
     <span class='ocr_line' id='line_1_30' title="bbox 357 3397 1452 3490; baseline 0.003 -29"><span class='ocrx_word' id='word_1_256' title='bbox 357 3417 419 3482; x_wconf 89' lang='lat' dir='ltr'>que</span> <span class='ocrx_word' id='word_1_257' title='bbox 440 3397 666 3463; x_wconf 85' lang='lat' dir='ltr'>formationem</span> <span class='ocrx_word' id='word_1_258' title='bbox 689 3401 777 3487; x_wconf 90' lang='lat' dir='ltr'>apud</span> <span class='ocrx_word' id='word_1_259' title='bbox 798 3401 895 3466; x_wconf 89' lang='lat' dir='ltr'>Ionas</span> <span class='ocrx_word' id='word_1_260' title='bbox 917 3411 953 3466; x_wconf 91' lang='grc'>61</span> <span class='ocrx_word' id='word_1_261' title='bbox 975 3401 1064 3490; x_wconf 87' lang='lat' dir='ltr'>apud</span> <span class='ocrx_word' id='word_1_262' title='bbox 1078 3401 1207 3467; x_wconf 78' lang='lat' dir='ltr'>Atticos</span> <span class='ocrx_word' id='word_1_263' title='bbox 1229 3403 1266 3466; x_wconf 92' lang='lat' dir='ltr'>in</span> <span class='ocrx_word' id='word_1_264' title='bbox 1282 3399 1452 3476; x_wconf 60' lang='grc'><strong>66616166</strong></span> 
     </span>
     <span class='ocr_line' id='line_1_31' title="bbox 357 3477 1497 3590; baseline 0.005 -31"><span class='ocrx_word' id='word_1_265' title='bbox 357 3516 440 3580; x_wconf 91' lang='lat' dir='ltr'>quae</span> <span class='ocrx_word' id='word_1_266' title='bbox 469 3498 628 3563; x_wconf 87' lang='lat' dir='ltr'>sententia</span> <span class='ocrx_word' id='word_1_267' title='bbox 659 3498 867 3588; x_wconf 84' lang='lat' dir='ltr'>confirmatur</span> <span class='ocrx_word' id='word_1_268' title='bbox 897 3500 1110 3590; x_wconf 85' lang='lat' dir='ltr'>Hippocratis</span> <span class='ocrx_word' id='word_1_269' title='bbox 1141 3500 1385 3582; x_wconf 85' lang='lat' dir='ltr'>consuetudine,</span> <span class='ocrx_word' id='word_1_270' title='bbox 1411 3493 1452 3582; x_wconf 72' lang='lat' dir='ltr'>qul</span> <span class='ocrx_word' id='word_1_271' title='bbox 1496 3477 1497 3543; x_wconf 82' lang='grc'>1</span> 
     </span>
     <span class='ocr_line' id='line_1_32' title="bbox 359 3588 1452 3688; baseline 0.001 -29"><span class='ocrx_word' id='word_1_272' title='bbox 359 3593 524 3660; x_wconf 75' lang='grc'><strong>(11611111</strong></span> <span class='ocrx_word' id='word_1_273' title='bbox 546 3602 603 3662; x_wconf 91' lang='grc'>170</span> <span class='ocrx_word' id='word_1_274' title='bbox 625 3588 677 3685; x_wconf 75' lang='grc' dir='ltr'>ᾔει</span> <span class='ocrx_word' id='word_1_275' title='bbox 702 3603 768 3667; x_wconf 92' lang='grc'><strong>186.</strong></span> <span class='ocrx_word' id='word_1_276' title='bbox 793 3605 859 3668; x_wconf 90' lang='grc'><strong>187.</strong></span> <span class='ocrx_word' id='word_1_277' title='bbox 884 3607 941 3670; x_wconf 89' lang='grc'>188</span> <span class='ocrx_word' id='word_1_278' title='bbox 964 3610 1024 3667; x_wconf 85' lang='grc'><strong>616.</strong></span> <span class='ocrx_word' id='word_1_279' title='bbox 1047 3593 1205 3688; x_wconf 79' lang='grc' dir='ltr'><em>διῄει-</em></span> <span class='ocrx_word' id='word_1_280' title='bbox 1225 3601 1340 3688; x_wconf 84' lang='lat' dir='ltr'>Neque</span> <span class='ocrx_word' id='word_1_281' title='bbox 1357 3593 1452 3663; x_wconf 85' lang='lat' dir='ltr'>Archi·</span> 
     </span>
     <span class='ocr_line' id='line_1_33' title="bbox 358 3683 1496 3789; baseline 0.002 -33"><span class='ocrx_word' id='word_1_282' title='bbox 358 3691 444 3758; x_wconf 90' lang='lat' dir='ltr'>lochi</span> <span class='ocrx_word' id='word_1_283' title='bbox 467 3683 550 3781; x_wconf 73' lang='grc' dir='ltr'><strong><em>ᾖσαν</em></strong></span> <span class='ocrx_word' id='word_1_284' title='bbox 566 3717 608 3760; x_wconf 84' lang='lat' dir='ltr'>ex</span> <span class='ocrx_word' id='word_1_285' title='bbox 621 3697 732 3763; x_wconf 87' lang='lat' dir='ltr'>lonico</span> <span class='ocrx_word' id='word_1_286' title='bbox 748 3688 845 3782; x_wconf 76' lang='grc' dir='ltr'><strong><em>ἤϊσαν</em></strong></span> <span class='ocrx_word' id='word_1_287' title='bbox 867 3707 1069 3766; x_wconf 86' lang='lat' dir='ltr'>contractum</span> <span class='ocrx_word' id='word_1_288' title='bbox 1084 3701 1158 3766; x_wconf 90' lang='lat' dir='ltr'>miri</span> <span class='ocrx_word' id='word_1_289' title='bbox 1174 3699 1350 3789; x_wconf 87' lang='lat' dir='ltr'>quidquam</span> <span class='ocrx_word' id='word_1_290' title='bbox 1363 3693 1451 3772; x_wconf 83' lang='lat' dir='ltr'>habet,</span> <span class='ocrx_word' id='word_1_291' title='bbox 1495 3697 1496 3723; x_wconf 66' lang='lat'>¹</span> 
     </span>
    </p>
   </div>
   <div class='ocr_carea' id='block_1_3' title="bbox 362 3850 544 3862">
    <p class='ocr_par' dir='ltr' id='par_1_5' title="bbox 362 3850 544 3862">
     <span class='ocr_line' id='line_1_34' title="bbox 362 3850 544 3862; baseline -0.005 -4"><span class='ocrx_word' id='word_1_292' title='bbox 362 3850 544 3862; x_wconf 84' lang='grc'><strong>,---..--.</strong></span> 
     </span>
    </p>
   </div>
   <div class='ocr_carea' id='block_1_4' title="bbox 358 3942 1450 4181">
    <p class='ocr_par' dir='ltr' id='par_1_6' title="bbox 358 3942 1450 4181">
     <span class='ocr_line' id='line_1_35' title="bbox 408 3942 1450 4020; baseline 0.002 -23"><span class='ocrx_word' id='word_1_293' title='bbox 408 3945 435 4010; x_wconf 81' lang='lat'>8)</span> <span class='ocrx_word' id='word_1_294' title='bbox 453 3959 516 3998; x_wconf 87' lang='lat' dir='ltr'>cum</span> <span class='ocrx_word' id='word_1_295' title='bbox 537 3942 611 3998; x_wconf 88' lang='lat' dir='ltr'>enim</span> <span class='ocrx_word' id='word_1_296' title='bbox 635 3947 697 4016; x_wconf 74' lang='grc' dir='ltr'><em>ἵημι</em></span> <span class='ocrx_word' id='word_1_297' title='bbox 716 3946 868 4017; x_wconf 73' lang='lat' dir='ltr'>antiquitis</span> <span class='ocrx_word' id='word_1_298' title='bbox 893 3952 967 4003; x_wconf 85' lang='lat' dir='ltr'>esset</span> <span class='ocrx_word' id='word_1_299' title='bbox 985 3945 1110 4020; x_wconf 69' lang='lat' dir='ltr'>jujt-mi,</span> <span class='ocrx_word' id='word_1_300' title='bbox 1134 3949 1193 4004; x_wconf 85' lang='lat' dir='ltr'>iota</span> <span class='ocrx_word' id='word_1_301' title='bbox 1215 3945 1284 4004; x_wconf 89' lang='lat' dir='ltr'>nihil</span> <span class='ocrx_word' id='word_1_302' title='bbox 1299 3949 1343 4001; x_wconf 84' lang='lat' dir='ltr'>est</span> <span class='ocrx_word' id='word_1_303' title='bbox 1358 3943 1405 4000; x_wconf 87' lang='lat' dir='ltr'>nisi</span> <span class='ocrx_word' id='word_1_304' title='bbox 1419 3954 1450 3994; x_wconf 70' lang='lat' dir='ltr'>m</span> 
     </span>
     <span class='ocr_line' id='line_1_36' title="bbox 358 4023 755 4096; baseline 0.018 -18"><span class='ocrx_word' id='word_1_305' title='bbox 358 4023 517 4096; x_wconf 87' lang='lat' dir='ltr'>duplicatio.</span> <span class='ocrx_word' id='word_1_306' title='bbox 553 4025 677 4084; x_wconf 76' lang='lat' dir='ltr'>Grundr.</span> <span class='ocrx_word' id='word_1_307' title='bbox 696 4032 755 4085; x_wconf 82' lang='grc'><strong>5113.</strong></span> 
     </span>
     <span class='ocr_line' id='line_1_37' title="bbox 407 4109 911 4181; baseline 0.014 -17"><span class='ocrx_word' id='word_1_308' title='bbox 407 4110 434 4176; x_wconf 85' lang='grc'>9)</span> <span class='ocrx_word' id='word_1_309' title='bbox 452 4115 545 4181; x_wconf 87' lang='lat' dir='ltr'>potest</span> <span class='ocrx_word' id='word_1_310' title='bbox 561 4115 655 4168; x_wconf 88' lang='lat' dir='ltr'>tumen</span> <span class='ocrx_word' id='word_1_311' title='bbox 672 4109 825 4168; x_wconf 81' lang='lat' dir='ltr'>infininrus</span> <span class='ocrx_word' id='word_1_312' title='bbox 843 4130 911 4172; x_wconf 82' lang='lat' dir='ltr'>esse.</span> 
     </span>
    </p>
   </div>
   <div class='ocr_carea' id='block_1_5' title="bbox 0 0 1524 4964">
    <p class='ocr_par' dir='ltr' id='par_1_7' title="bbox 0 0 1524 4964">
     <span class='ocr_line' id='line_1_38' title="bbox 0 0 1524 4964; baseline 0 0"><span class='ocrx_word' id='word_1_313' title='bbox 0 0 1524 4964; x_wconf 95' lang='lat' dir='ltr'> </span> 
     </span>
    </p>
   </div>
  </div>
 </body>
</html>
