3056 4968
848 439 907 502 tto

325 627 400 684 aute
422 616 552 682 vocales
572 619 641 682 fere
663 617 743 682 nihil
763 617 960 682 discriminis
981 617 1065 682 inter
1086 626 1198 682 tenues
1218 626 1251 681 et
1272 617 1424 702 aspiratae

325 719 540 800 interfuisset,
571 717 606 782 id
635 717 721 804 quod
750 717 791 781 ab
825 718 913 782 omni
942 718 1065 803 specie,
1082 717 1230 782 veritatis
1259 715 1425 782 abhorrere

324 815 509 894 videtur.³⁸)
550 816 623 881 Non
644 815 747 881 solum
768 817 854 882 euim
873 815 929 882 lex
950 815 1007 880 illa
1028 814 1226 902 euphoniae,
1250 837 1333 904 quae
1347 825 1427 879 vetat

325 914 420 980 binas
442 914 587 1000 syllabas
616 925 784 1002 sequentes
816 915 858 980 ab
887 917 1033 1002 aspirata
1058 916 1219 1000 incipere,
1252 913 1310 980 sed
1338 915 1428 978 etiem

327 1012 522 1100 Scytharum
549 1024 580 1078 et
608 1014 827 1080 Triballorum
859 1014 1025 1101 exempla,
1059 1015 1115 1102 qui
1143 1013 1185 1077 ab
1212 1012 1428 1098 Aristophane

326 1111 576 1196 deridebantur,
611 1113 697 1202 quod
724 1116 886 1200 aspiratae
915 1115 1127 1200 pronuntiare
1158 1135 1224 1176 non
1252 1119 1385 1199 possent
1402 1121 1430 1174 et

327 1211 384 1276 illa
399 1210 434 1276 X
455 1213 639 1278 testimonia
662 1215 867 1300 scriptorum,
889 1233 973 1299 quae
995 1235 1096 1298 supra
1116 1211 1220 1295 attuli,
1243 1221 1360 1300 aperte
1380 1210 1432 1274 do·

328 1320 402 1376 cent
431 1312 498 1376 iam
532 1313 764 1397 antiquissimis
797 1312 998 1398 temporibus
1035 1312 1197 1398 aspiratae
1233 1330 1253 1376 a
1285 1310 1431 1376 tenuibus

328 1409 461 1476 multum
484 1410 631 1475 diversas
652 1412 762 1477 fuisse.
806 1409 958 1478 Ceterum
980 1410 1066 1475 idem
1094 1413 1191 1475 etiam
1212 1433 1254 1475 ex
1275 1413 1317 1476 iis
1338 1412 1432 1474 nomi·

328 1507 424 1574 nibus
448 1508 596 1574 concludi
618 1521 734 1598 potest,
761 1519 844 1599 qua‘e
865 1511 1072 1596 grammatici
1091 1508 1310 1574 Alexandrini
1333 1511 1436 1592 singu·

326 1605 367 1672 lis
387 1616 547 1672 mutarum
568 1609 749 1675 litterarum
771 1609 945 1696 generibus
966 1607 1132 1674 dederunt
1175 1607 1225 1672 Eo
1246 1610 1334 1674 enim
1361 1617 1436 1674 tem·
1512 1683 1513 1688 η

327 1730 407 1796 pore
426 1712 483 1792 βγ
500 1708 519 1772 d
539 1709 699 1775 mediae
719 1711 848 1775 fuerunt
864 1711 948 1773 inter
966 1717 1079 1772 tenues
1100 1716 1132 1771 et
1153 1709 1334 1794 aspiratus,
1356 1708 1438 1773 unde
1513 1779 1514 1788 ἶ

329 1809 473 1896 sequitur
495 1810 658 1896 aspiratae
677 1809 750 1896 plus
773 1807 992 1873 similitudinis
1014 1829 1089 1871 cum
1110 1806 1225 1872 mediis
1246 1829 1346 1893 quam
1367 1831 1437 1874 curn
1514 1859 1515 1864 η

226 1949 228 1954 ,
328 1907 478 1972 tenuibus
497 1907 660 1973 babuisse.

389 2006 513 2095 Itaque,
539 2029 736 2096 quamquam
758 2006 847 2074 illam
867 2007 1010 2098 tenuium
1033 2006 1330 2092 pronuntiationem
1354 2005 1438 2092 apud
1515 2065 1517 2090 ,

329 2114 455 2170 veteres
479 2105 623 2173 Graecos
644 2130 711 2172 non
732 2127 865 2194 prorsus
886 2107 1091 2191 negaverim,
1122 2114 1233 2170 tamen
1254 2104 1362 2170 adhuc
1384 2105 1437 2170 du·
1465 2111 1469 2120 '

330 2203 412 2282 bito,
440 2229 517 2270 num
540 2229 578 2271 ea
600 2205 735 2294 probari
754 2207 859 2292 possit
879 2215 910 2269 et
931 2206 1015 2270 banc
1038 2203 1079 2270 ob
1102 2225 1250 2270 caussam
1274 2205 1380 2272 Curtii
1402 2205 1440 2268 de

330 2304 484 2390 aspiratis
513 2304 650 2370 Graecis
678 2307 864 2392 opinionem
891 2301 1034 2370 nondum
1065 2303 1107 2370 ab
1136 2303 1440 2378 omnibusdubita-

328 2401 519 2482 tionibus³⁰)
542 2404 713 2471 liberatam
736 2427 807 2470 esse
829 2403 945 2470 iudico.

392 2501 477 2568 Fere
504 2502 601 2570 nullis
627 2505 784 2570 eiusmodi
816 2502 1072 2570 dubitationibus
1101 2501 1205 2568 altera
1232 2503 1288 2568 via
1315 2512 1366 2568 est
1387 2501 1441 2567 ob-

330 2602 439 2678 noxia,
460 2625 558 2690 quam
578 2605 674 2669 inivit
687 2604 870 2670 Raumerus
883 2605 917 2668 in
930 2601 1039 2667 libello
1058 2601 1099 2667 de
1114 2604 1323 2690 aspiratione,
1348 2623 1443 2689 quem
1521 2661 1522 2668 ,

332 2699 434 2764 edidit
455 2701 588 2789 Lipsiae
611 2725 695 2768 auno
720 2709 809 2772 1837.
851 2702 918 2766 Hie
945 2703 1030 2767 enim
1061 2723 1133 2766 cum
1155 2703 1320 2788 aspiratae
1343 2699 1443 2766 Grae·

380 2937 424 3005 38)
443 2933 525 2990 Hauc
542 2935 700 3008 opinionem
711 2934 874 2991 Scbmitaius
890 2935 921 2990 in
936 2953 1028 3008 progr.
1041 2949 1167 3008 gymnas.
1180 2933 1336 2990 Marcodur.
1356 2937 1444 3004 (1863)
1521 2955 1522 2960 ’

330 3019 468 3091 sequitur,
496 3019 544 3092 qui
562 3020 745 3090 aspiraturum
767 3025 796 3074 et
812 3020 938 3074 tenuium
955 3019 1210 3090 pronuntiationem
1232 3019 1269 3074 ab
1288 3018 1369 3073 initio
1386 3023 1444 3074 tam

330 3103 445 3160 similem
461 3102 546 3158 fuisse
559 3103 677 3175 putavit,
694 3109 726 3157 ut
738 3102 915 3159 confusiones
927 3103 1001 3172 illue,
1019 3119 1090 3175 quae
1107 3103 1137 3158 in
1150 3103 1238 3158 titulis
1248 3102 1444 3174 reperirentur.
1521 3173 1522 3176 Ἴ

330 3188 396 3244 inde
415 3188 594 3260 explicandae
612 3191 711 3244 esseut.
747 3186 802 3242 Sed
820 3187 904 3258 longe
928 3186 1011 3242 sliam
1028 3187 1184 3258 explicandi
1204 3186 1277 3242 dam
1294 3186 1444 3241 ineundam
1521 3179 1522 3202 ¹

331 3288 390 3328 esse
409 3289 493 3344 snpra
510 3271 703 3330 demonstravi.
739 3271 811 3327 Nam
828 3271 852 3324 si
871 3270 1034 3326 Schmitzius
1050 3275 1125 3326 recte
1142 3270 1307 3339 iudicasset,
1332 3286 1443 3326 necesse
1521 3319 1522 3328 ,

331 3361 415 3424 esset,
443 3361 475 3410 nt
493 3357 577 3411 etiam
598 3354 811 3426 ascriptoribus
836 3359 934 3408 tenues
957 3359 985 3408 et
1002 3355 1140 3426 aspiratae
1157 3355 1229 3408 inter
1252 3371 1312 3420 sese
1330 3353 1443 3410 eonium

331 3439 470 3508 dereutur,
488 3441 563 3510 quod
579 3455 615 3493 ne
633 3440 662 3493 iu
680 3455 736 3493 uno
753 3438 864 3509 quidem
881 3438 1017 3493 vocabulo
1035 3439 1253 3493 demonstratum
1271 3445 1322 3494 est.
1361 3437 1443 3494 Num·

331 3538 414 3593 quam
433 3523 506 3576 enim
523 3523 669 3593 scriptores
687 3521 837 3593 aspiratam
854 3521 884 3576 in
901 3529 1012 3577 tenuem
1029 3527 1213 3578 mutarerunt.

381 3609 424 3667 39)
453 3606 545 3660 Etiam
567 3606 636 3660 illud
658 3606 723 3660 addi
745 3609 837 3677 potest
861 3606 904 3660 his
921 3607 1139 3661 dubitationibus
1158 3607 1252 3677 quod,
1279 3605 1303 3658 si
1320 3603 1445 3660 Curtium

331 3690 481 3761 sequimur,
507 3709 564 3746 uon
586 3690 784 3762 intellegimus,
814 3708 869 3762 quo
895 3695 977 3762 pacto
995 3691 1129 3760 Polybius
1154 3696 1183 3744 et
1204 3689 1252 3744 alii
1270 3690 1416 3760 scriptores
1433 3688 1447 3742 f

331 3773 486 3829 Romanrnn
494 3773 600 3832 Graece
609 3791 685 3848 perp
694 3775 892 3832 nausscribere
902 3776 1051 3847 potuerint.
1070 3774 1210 3839 Quantum
1219 3774 1294 3830 enim
1301 3773 1444 3828 discrimen

331 3857 404 3912 inter
419 3857 607 3915 Romanorum
623 3859 638 3912 f
652 3863 680 3914 et
692 3856 893 3914 Germanorum
910 3877 929 3932 p
947 3865 1024 3925 (ante
1041 3859 1160 3918 vocales)
1178 3859 1342 3926 intercedat,
1359 3857 1443 3912 mani·

325 3941 431 3998 testum
451 3948 500 4000 est.
531 3945 574 3999 Ac
592 3961 675 4018 porro
692 3943 767 3998 haud
777 3943 922 4014 probabile
940 3949 982 3998 est
998 3944 1028 3998 in
1042 3943 1236 3998 totvocabulis
1254 3942 1356 3996 medias
1374 3940 1442 4011 aspi-

332 4030 406 4080 ratas
423 4025 470 4097 bh,
488 4029 535 4100 gb,
553 4029 590 4084 dh
609 4028 741 4082 transisse
758 4027 787 4081 in
806 4047 862 4098 φχ
883 4035 916 4096 θ,
934 4027 1027 4084 sibae
1044 4028 1152 4082 litterae
1166 4027 1291 4081 tenuium
1304 4019 1442 4080 Germani-

332 4127 425 4190 carum
445 4129 542 4170 sonum
560 4113 728 4168 habuissent.
