3148 4958
663 435 703 500 23

125 609 310 677 coalescere
333 609 404 700 jain
430 612 514 678 inter
542 635 651 680 omnes
674 623 809 681 constat
851 615 920 680 Nec
947 615 1161 685 dubitandum
1182 627 1240 702 est,

124 712 201 796 quin
222 709 523 778 Alexandrinorum
551 723 698 800 tempore
726 735 775 778 ε-ι
803 737 869 781 non
897 714 1000 780 solnm
1026 717 1060 783 in
1088 737 1119 782 ει
1146 717 1240 806 diph-

124 809 282 896 thongum
310 809 502 894 coaluerint,
540 811 597 878 sad
625 815 722 877 etiam
753 835 782 876 at
812 813 1032 902 diphthongus
1066 817 1132 904 jam
1158 819 1193 884 in
1227 841 1241 882 ι

123 909 425 996 monophthongum
452 912 628 977 transierit.
673 911 709 976 Si
729 935 807 980 vero
838 913 937 980 etiam
959 913 1098 980 Ovidius
1128 920 1161 982 in
1188 923 1240 982 Ta·

123 1011 257 1086 rtrum)
291 1009 452 1075 diaeresin
483 1013 642 1094 servavit,
674 1035 740 1076 non
767 1022 832 1078 tam
862 1015 1054 1102 antiquioris
1084 1019 1240 1104 temporis

122 1131 217 1174 usum
231 1108 286 1185 (cf.
300 1109 323 1174 Ι.
333 1107 466 1174 Bekker
478 1107 599 1176 homer.
612 1109 737 1176 Blansr
755 1135 785 1199 p.
798 1115 881 1194 308),
903 1133 999 1197 quarn
1014 1113 1240 1181 femininorum
1297 1149 1301 1160 ·
1320 1145 1323 1158 λ

124 1210 424 1295 patronymicorum
446 1209 631 1296 analogiam
652 1209 704 1286 (cf.
727 1215 756 1292 ἕ.
780 1217 840 1288 57.)
863 1221 991 1278 secutus
1014 1233 1085 1278 asse
1103 1212 1241 1280 videtur.

204 1307 459 1394 Patronymicis‚
481 1331 563 1394 quae
586 1332 603 1374 e
624 1309 776 1376 thematis
798 1311 832 1374 in
857 1311 878 1374 F
898 1310 1046 1377 derivata
1066 1322 1155 1396 sunt,
1185 1312 1240 1378 ad·

124 1407 361 1473 numerandum
389 1429 460 1472 esse
482 1407 617 1473 'videtur
642 1401 815 1492 Ἥρώ-ὅης
840 1407 893 1474 vel
922 1403 1095 1496 Ἥρῴ-δης
1124 1411 1240 1478 andro·

124 1507 300 1593 nymicum,
323 1507 415 1593 cujus
431 1507 631 1594 primitivum
654 1502 736 1593 52ch
750 1531 792 1574 ex
806 1501 928 1592 ἦρο-Ρο
951 1508 1155 1578 decurtatum
1170 1533 1241 1578 esse

125 1605 396 1672 verisimillimum
429 1615 478 1672 est
506 1607 556 1683 (cf.
588 1608 737 1692 Curtius,
766 1608 1027 1694 Erlttuternngen
1055 1633 1086 1697 p.
1112 1615 1174 1689 51).
1200 1645 1242 1660 -

125 1707 281 1772 Fortasse
302 1701 365 1772 huc'
380 1727 508 1793 quoquc
530 1717 656 1796 spectat
686 1701 853 1793 Μινῴδης,
875 1707 962 1793 quod
979 1710 1240 1796 patronymicum

125 1807 157 1870 in
171 1807 207 1868 E.
225 1807 277 1872 M.
297 1808 427 1894 saepius
441 1806 613 1874 invenitur.
645 1806 680 1872 Si
701 1807 786 1872 enim
801 1829 917 1873 revera
930 1810 1047 1884 Μίνως
1061 1819 1093 1874 et
1104 1815 1241 1892 Manu-a,

127 1907 178 1993 qui
194 1905 373 1972 secundum
384 1905 539 1970 Indorum
554 1905 681 1972 fabulas
694 1893 859 1972 hominum
881 1907 1008 1992 genitor
1031 1917 1088 1990 cst,
1110 1909 1194 1974 inter
1208 1929 1242 1974 se

126 2005 323 2091 respondent
344 2003 396 2082 (cf.
407 2003 507 2100 Kuhn
521 2006 555 2069 in
568 2005 607 2070 K.
620 2005 657 2071 Z.
672 2005 720 2070 IV
735 2029 766 2092 p.
787 2013 827 2074 80
843 2011 932 2093 seq.),
954 2007 1123 2094 utriusque
1140 2007 1241 2072 nomi·

126 2107 173 2170 nis
187 2105 294 2170 forma
308 2105 470 2192 antiquior
481 2105 677 2182 Mo-na-va2)
692 2105 792 2169 husae
806 2104 944 2186 videtur,
968 2127 1010 2168 ex
1032 2127 1096 2192 qua
1111 2113 1143 2170 et
1160 2105 1240 2172 skrt.

128 2211 253 2268 Mona-s
276 2213 308 2270 et
328 2225 377 2291 gr.
401 2203 581 2280 Macota-9,
608 2204 767 2281 curvor-9,
795 2205 910 2279 Μῑνως
931 2202 1063 2292 prodire
1083 2212 1240 2290 poterant.

207 2305 239 2385 ἓ.
259 2310 309 2372 24.
349 2291 580 2388 Ex'analogia
601 2305 900 2394 patronymicorum
923 2326 940 2368 e
965 2303 1117 2368 thematis
1144 2305 1179 2368 in
1206 2325 1241 2366 ευ

126 2405 295 2470 ductorum
325 2403 449 2470 formae
483 2404 517 2468 in
547 2401 638 2490 ειὸης
669 2406 767 2468 etiam
796 2411 865 2469 tum
893 2411 1142 2490 exspectantur,¹
1170 2426 1240 2469 cum

125 2503 305 2570 themata
327 2503 626 2591 primitivorum
655 2504 696 2567 in
726 2523 764 2578 cc
791 2502 990 2568 desinunt.
1034 2502 1079 2568 Ut
1101 2505 1186 2568 enim
1208 2507 1241 2568 in

125 2603 175 2668 his
202 2603 221 2666 h
249 2601 330 2668 eliso
360 2604 407 2668 sic
434 2603 468 2666 in
496 2601 546 2667 his
575 2618 594 2666 o
624 2601 703 2668 eliso
732 2623 748 2665 s
778 2613 810 2667 et
838 2625 851 2664 ι
881 2603 916 2666 in
945 2621 976 2664 ει
1006 2602 1241 2690 diphthongum

125 2702 274 2770 contrahi
306 2699 477 2766 debebant.
526 2700 634 2788 Atque
668 2701 749 2767 haec
779 2701 909 2789 quidem
942 2703 1012 2788 ejus
1040 2704 1241 2768 formationis

125 2802 277 2890 exempla
298 2809 442 2870 exstant:

208 2892 612 2984 Πολυθερσεί-δηςθ)
636 2899 733 2965 Hom.
753 2921 773 2978 χ
790 2907 868 2982 2873
892 2893 1243 2986 Μεγαμηδεί-δης

126 3003 154 3067 h.
183 3003 217 3068 in
245 3001 345 3068 Mero.
374 3007 449 3079 1003
472 2993 774 3084 Ἐπικυὸεί-ὄης
802 3021 887 3066 orac.
918 2998 1009 3087 apud
1035 2991 1241 3083 Herou'vl,

194 3271 220 3332 1)
238 3265 288 3322 Or.
308 3264 350 3320 Ib.
370 3263 552 3336 contegitur:
574 3263 735 3320 Tantalides
752 3272 781 3318 ta
799 3263 840 3318 ais
859 3264 1040 3334 Terer'desw
1053 3280 1131 3336 puer.

193 3354 220 3416 2)
238 3349 302 3406 Non
321 3368 384 3404 mun
402 3349 450 3403 scd
468 3365 540 3420 quaa
557 3349 652 3402 similis
671 3348 792 3404 notionis
818 3353 860 3403 est
877 3351 923 3404 md
940 3348 1060 3403 radicem
1084 3361 1144 3399 esse
1167 3349 1244 3418 puto,

126 3454 158 3491 ex
181 3451 239 3506 qua
261 3453 336 3489 novo
360 3431 451 3488 suffixi
475 3449 542 3503 ope,
567 3433 642 3504 quod
664 3431 693 3486 in
715 3451 753 3486 nu
777 3452 809 3487 νυ
835 3433 935 3505 corripi
951 3435 1051 3505 potest,
1076 3445 1132 3484 non
1157 3427 1245 3483 solum

127 3523 191 3575 sort.
221 3522 339 3574 nra-not
364 3523 393 3572 et
420 3533 512 3588 graec.
542 3518 641 3589 μηνύω
672 3517 843 3587 praesentia,
878 3518 927 3572 sed
960 3515 1044 3571 etiam
1071 3511 1246 3568 substantiva

128 3604 256 3660 Manu-s
279 3607 308 3655 et
326 3600 474 3666 Mi-ro-c,
500 3601 529 3654 in
556 3617 611 3672 quo
633 3601 733 3656 radicis
751 3601 897 3672 productio
915 3605 1025 3657 servata
1042 3603 1095 3668 est,
1121 3598 1246 3654 derivata

128 3704 187 3742 esse
211 3691 338 3758 possunt.
390 3685 522 3756 Ejusdem
546 3685 624 3755 cujus
649 3691 713 3756 sort.
739 3687 844 3740 Manus
868 3685 983 3757 originis
1010 3700 1096 3756 germ.
1125 3683 1246 3738 Manuos

129 3772 229 3840 (Tacit.
248 3769 342 3826 Germ.
362 3774 398 3838 2,)
416 3785 476 3824 csse
490 3770 549 3839 jam
566 3770 633 3823 satis
651 3774 748 3824 notum
766 3758 817 3826 cs't.

198 3859 224 3926 3)
242 3853 327 3909 Falso
340 3852 481 3910 stemnius
498 3853 543 3922 (de
551 3855 754 3926 patronymica
766 3855 873 3925 praecia
883 3853 1020 3922 Elhinpaa
1033 3853 1107 3920 1846)
1131 3849 1183 3906 hoc
1198 3867 1246 3924 pa·

130 3939 313 4012 tronymioum
338 3937 498 3993 athemata
522 3937 551 3990 in
574 3959 591 3991 α
613 3938 742 3992 (Ιθτίνει).λ
765 3937 819 3994 Sed
841 3937 933 4008 potius
957 3941 1075 4008 -θερσης
1099 3952 1116 3990 a
1139 3935 1246 4010 θάρσος

131 4023 304 4078 substantivo
317 4021 429 4077 ductum
443 4026 492 4092 est,
507 4021 581 4093 quod
591 4021 695 4077 aeolice
708 4027 790 4077 sonat
800 4025 911 4094 θέρους,
921 4037 939 4074 a
949 4035 1004 4090 qua
1016 4019 1105 4074 forma
1113 4019 1168 4075 alia
1180 4034 1246 4090 quo·

131 4123 185 4180 qne
201 4105 402 4178 andronymioa
413 4105 561 4162 Homerica
578 4110 734 4178 propagata
751 4110 817 4160 sunt
834 4109 867 4160 ut
885 4109 1031 4178 Θερσίτης,
1043 4103 1211 4176 Ἀλιθέρσης.
