3056 4968
844 422 952 486 180,
1033 465 1036 474 -

378 598 422 662 At
445 599 619 664 coniectari
646 598 756 666 licebit
779 607 909 680 puleium
937 600 979 666 ab
1002 600 1106 668 forma
1127 601 1215 689 apud
1238 600 1424 666 Ciceronem

315 696 435 762 tradita
452 703 605 779 palepium
619 698 835 784 descendisse,
858 703 948 766 cuius
963 700 1057 766 verbi
1077 700 1252 766 secundam
1268 699 1424 786 syllabam

259 838 264 846 -
317 795 449 862 brevem
471 819 542 862 esse
563 819 677 864 versus
700 798 814 864 Sereni
834 799 999 866 Samonici
1021 800 1058 881 (I,
1075 806 1124 877 18)
1146 809 1194 864 est
1217 799 1426 864 documento:
1520 845 1521 870 ,

379 901 588 978 paratumque
606 912 714 978 pateas
735 923 797 962 aaa
817 922 907 979 super
928 923 1002 962 aare
1023 903 1142 964 locabis.

325 1045 329 1050 .
379 995 445 1060 Sed
466 1017 540 1060 cum
563 995 625 1060 hac
647 1019 720 1079 111,
743 995 830 1082 qnod
852 999 963 1080 sciam,
986 999 1179 1064 auctoritate
1200 997 1257 1062 illa
1276 1016 1428 1060 mensura

317 1103 456 1177 constet,
490 1117 638 1162 caussam
656 1119 722 1160 uon
743 1095 854 1178 video,
888 1119 945 1162 cur
974 1095 1202 1182 lexicographi
1231 1095 1429 1164 recentiores

311 1197 462 1273 pulegium
481 1193 580 1280 longa
600 1218 615 1257 e
636 1195 742 1260 vocali
765 1193 949 1260 exhibeant
1069 1275 1074 1288 Ι
1256 1199 1258 1203 ’

378 1293 546 1358 Postremo
578 1292 619 1358 de
650 1295 872 1380 comparativo
901 1299 987 1374 peior
1021 1294 1116 1382 plura
1148 1293 1256 1364 dicam
1290 1299 1429 1378 oportet.

318 1390 400 1455 Tres
423 1393 507 1456 enim
529 1393 707 1458 sententiae
729 1402 802 1460 aunt
823 1391 985 1479 prolatae,
1009 1393 1049 1458 de
1072 1415 1209 1480 quarum
1227 1413 1308 1472 uus,
1331 1412 1432 1477 quam

319 1489 498 1555 Oorssenus
526 1494 698 1577 proposuit
723 1491 859 1568 (Kuhnii
880 1491 985 1558 annal.
1008 1487 1059 1558 ΙΠ
1080 1495 1180 1572 [1853]
1209 1513 1240 1577 p.
1260 1495 1336 1568 249)
1357 1511 1432 1574 pro-

308 1597 430 1675 pterea
452 1591 645 1654 mentionem
670 1613 735 1656 non
762 1591 907 1656 facturus
930 1613 1017 1673 sum,
1049 1592 1200 1678 quoniam
1220 1591 1293 1676 ipse
1316 1598 1434 1674 postea
1521 1665 1522 1680 ,

318 1687 371 1764 (de
391 1690 558 1773 pronunt¹
579 1689 604 1764 Ι,
634 1711 665 1774 p.
688 1694 761 1766 311)
783 1688 965 1754 Aulrechtii
992 1690 1241 1777 explicationem
1263 1687 1432 1774 probavit.
1521 1689 1522 1750 ἶ

316 1786 381 1852 Η11
403 1789 487 1852 enim
509 1787 643 1864 (Kuhnii
662 1788 770 1854 annal.
790 1789 848 1868 lll,
870 1811 901 1874 p.
925 1795 997 1866 202)
1020 1791 1079 1872 111,
1100 1788 1275 1860 cohaerere
1297 1807 1434 1871 compa·

316 1887 459 1950 rativum
478 1909 550 1954 cum
570 1886 641 1952 rad.
661 1881 725 1968 111
748 1887 984 1973 besehttdigen,
1019 1890 1110 1956 cuius
1139 1910 1211 1954 cum
1237 1884 1362 1954 nullum
1386 1885 1433 1950 11·

316 1984 465 2050 veniatur
483 1986 719 2070 testimonium,
751 1996 818 2054 tam
848 1986 980 2055 dubiam
1003 1988 1252 2073 originationem
1279 1985 1432 2070 accipere

316 2083 403 2148 nullo
426 2083 523 2150 modo
546 2087 659 2150 ausim.

377 2183 587 2249 Probabilius
610 2194 717 2249 autem
731 2183 771 2250 E.
784 2184 997 2249 Foerstem
1005 2206 1130 2249 annus
1151 2184 1185 2246 in
1199 2179 1431 2246 dissertatione

317 2283 357 2347 de
373 2285 604 2370 comparativis
623 2294 656 2348 et
671 2282 879 2369 superlativis
893 2282 1024 2369 linguae
1039 2281 1096 2348 Gr.
1112 2291 1144 2346 et
1157 2282 1194 2346 L.
1212 2278 1320 2367 [Halia
1338 2275 1430 2363 1844]

317 2405 347 2469 p.
372 2388 410 2452 33
426 2388 514 2463 peior
547 2405 620 2450 eum
642 2377 751 2460 παχύς
783 2382 925 2466 confert,
955 2383 997 2448 iis
1031 2381 1231 2466 argumentis
1262 2377 1431 2458 adhibitis,

317 2503 399 2569 quae
428 2481 661 2552 dubitationem
689 2481 810 2548 nullam
838 2481 1031 2565 relinquant.
1073 2478 1194 2545 Censet
1215 2480 1300 2552 enim
1319 2482 1431 2560 „peior

316 2579 396 2644 nihil
418 2579 507 2646 aliud
527 2581 628 2645 fuisse
649 2582 714 2646 nisi
733 2577 872 2644 πάσσων
892 2579 974 2646 illud
992 2579 1211 2660 Homericum,
1240 2578 1288 2645 ita
1307 2588 1346 2642 ut
1365 2577 1430 2662 pri·

317 2702 404 2743 mum
427 2679 660 2764 significaverit
681 2702 838 2763 crassum,
860 2679 976 2744 deinde
988 2677 1101 2746 rudem
1119 2687 1150 2744 et
1163 2676 1322 2758 hebetem,
1343 2673 1431 2760 quod

315 2777 402 2844 idem
430 2780 504 2865 ipsa
530 2778 633 2844 verba
659 2773 768 2857 παχύς
793 2788 826 2844 11
854 2801 984 2846 crassus
1013 2776 1206 2863 significant.
1249 2776 1430 2841 Positivum

316 2877 416 2962 igitur
449 2899 519 2942 ease
552 2888 646 2964 putat
675 2877 872 2944 adiectivum
890 2881 1031 2959 pinquis,
1060 2875 1148 2963 quod
1174 2874 1261 2941 idem
1291 2895 1363 2938 esse
1390 2894 1430 2938 ac

317 2969 424 3053 παχύς
445 2975 598 3040 adunam
614 2999 725 3044 omnes
740 2979 954 3059 consentiunt,
975 2977 1022 3040 ita
1036 2983 1073 3040 ut
1086 2976 1170 3038 inter
1186 2973 1429 3060 comparativus

311 3079 458 3154 piapaior
479 3085 512 3140 et
532 3080 623 3155 peior
644 3076 760 3142 eadem
788 3077 856 3142 fere
888 3078 972 3140 ratio
997 3072 1198 3155 intercedat,
1231 3095 1315 3157 quae
1346 3074 1429 3136 inter

316 3177 413 3254 mingo
433 3182 465 3238 et
484 3176 588 3258 nato‘,
609 3177 674 3240 nisi
693 3175 791 3261 quod,
814 3177 866 3240 cui
887 3174 1065 3240 sententiae
1080 3171 1213 3254 Curtius
1233 3171 1332 3236 fidem
1352 3169 1429 3234 facit

317 3272 421 3348 (elem.
451 3281 547 3360 etym.
579 3297 611 3361 p.
634 3279 703 3342 249.
733 3280 806 3352 455)
837 3279 964 3355 pinquis
994 3295 1054 3359 pro
1082 3273 1210 3352 1119111
1243 3269 1427 3334 habendum

317 3380 376 3454 est,
399 3393 464 3456 qua
481 3394 516 3436 re
539 3374 636 3438 etiam
657 3373 785 3440 facilius
801 3378 889 3452 peior
911 3367 1136 3459 explicabitur.

378 3469 451 3536 Η11
470 3471 570 3555 igitur
588 3471 640 3538 his
661 3471 818 3558 exemplis
848 3471 1071 3552 confirmatur,
1099 3466 1296 3554 1111111111
1315 3490 1336 3547 9
1357 3487 1426 3530 cum

318 3591 459 3634 consona
481 3573 493 3630 i
518 3592 583 3634 non
611 3592 683 3636 esse
711 3594 732 3634 a
751 3571 881 3636 Latinis
905 3571 1126 3651 coniunctam,
1150 3577 1257 3655 atque
1284 3565 1426 3632 vocalem
1522 3587 1523 3630 l

318 3691 402 3756 quae
424 3669 583 3751 anteierit,
603 3693 624 3749 9
645 3670 758 3752 eiecta,
780 3669 980 3756 productam.

823 3837 853 3916 1.
876 3841 926 3902 st.
977 3818 979 3831 '

381 3965 451 4030 Iam
473 3967 514 4031 de
549 3967 590 4030 iis
617 3964 726 4030 verbis
755 3975 804 4030 est
826 3943 1076 4052 disputandum,
1108 3967 1143 4030 in
1169 3964 1289 4052 quibus
1315 3971 1422 4029 anteo
1522 3987 1523 3990 ¹

319 4065 546 4136 semivocalem
566 4064 738 4151 gutturalis
760 4065 893 4146 interiit,
913 4064 948 4128 id
970 4064 1057 4150 quod
1078 4065 1198 4130 facturn
1221 4065 1347 4138 esse-rin
