3056 4968
855 413 914 478 148

302 610 307 620 ·
323 593 449 658 sissimo
461 588 641 676 disputavit
653 589 835 656 Corssenns
856 591 891 654 in
907 587 993 658 libro
1015 587 1055 656 de
1075 588 1243 677 pronunt²
1266 611 1299 676 p.
1315 595 1369 656 153
1382 611 1432 676 sq.

324 689 450 772 Quibus
470 688 625 755 lectimtis
644 711 742 776 spero
768 691 841 756 fore
868 699 904 756 ut
923 689 962 756 Β.
984 688 1287 756 Delbrueckins
1309 710 1433 775 quoque

321 812 387 855 non
408 791 473 856 iem
494 789 677 875 impugnet,
700 793 736 850 at
761 787 848 856 idom
869 798 1058 876 essentque
1079 794 1107 854 ᾶ.
1150 787 1231 865 (cfr.
1253 789 1323 852 eius
1343 785 1432 851 libel·

322 887 388 954 lum
409 909 505 976 quem
527 888 709 974 inscripsit:
740 886 890 970 Ablanv,
917 887 1071 971 Locctiv,
1101 886 1363 952 Instrumentnlis
1390 887 1432 950 im

323 986 446 1054 Allind.
469 987 595 1054 Lstein.
618 986 750 1054 Griech.
769 986 836 1052 und
857 985 1014 1052 Deutsch.
1036 1008 1067 1073 p.
1090 991 1153 1064 22.)

381 1103 450 1170 ism
472 1101 753 1190 transgrediamur
775 1101 818 1167 ad
837 1101 1031 1168 dentales.

838 1271 868 1354 s.
891 1275 920 1336 r.

239 1468 242 1473 Ι
379 1391 415 1446 ,Τ
434 1393 509 1451 onte
528 1409 566 1468 m,
589 1405 673 1472 quoe
694 1405 856 1472 consonap
877 1385 1069 1452 coniunctae
1089 1384 1123 1450 in
1144 1381 1316 1470 permultis
1333 1383 1435 1448 Grae

323 1486 370 1552 cis
391 1483 526 1552 vocibus
548 1484 809 1571 pronuntiantur,
832 1483 920 1554 nullo
941 1486 975 1550 in
990 1483 1110 1550 Latino
1132 1481 1291 1550 vocabulo
1313 1485 1436 1548 inveni·

322 1595 384 1650 tur.
428 1583 515 1650 Olim
542 1591 650 1650 sutem
671 1583 858 1650 coniunctas
877 1584 980 1650 fuisse
1005 1583 1237 1672 suspicandum
1267 1585 1371 1648 estin
1390 1607 1437 1644 re-

322 1705 393 1760 mor,
414 1703 552 1772 quocum
575 1681 750 1748 cohaerent
764 1679 822 1748 Gr.
841 1675 976 1762 ἐριτμός
996 1692 1029 1748 et
1051 1681 1120 1750 Sor.
1142 1686 1204 1744 eri
1210 1695 1303 1746 tram
1324 1682 1436 1764 Soliti,

322 1782 442 1850 Ruder.
490 1781 573 1849 Oum
605 1782 640 1846 in
672 1781 823 1846 columne
855 1791 998 1846 rostrata
1029 1781 1065 1848 C.
1098 1782 1201 1848 Duilii
1234 1803 1301 1848 cos.
1334 1781 1384 1858 (O.
1411 1782 1435 1844 l.

322 1881 396 1949 Lst.
415 1881 445 1965 Ι,
471 1885 539 1963 195,
564 1887 614 1958 12)
644 1884 798 1946 triremos
826 1882 983 1967 scriptum
1012 1885 1068 1965 sit,
1095 1905 1210 1944 rermur
1229 1882 1371 1947 fortasse
1394 1901 1435 1944 ex

321 1981 457 2045 *rrimus
475 1981 601 2046 fectum
623 1987 683 2045 cst.
725 1978 787 2056 (Cf.
811 1982 841 2060 ξ.
865 1985 926 2058 24.)

383 2081 422 2146 ln
442 2079 494 2145 his
515 2077 736 2144 numeralibus
758 2078 994 2144 distributivis:

337 2237 341 2245 ,
383 2183 496 2257 nimi,
527 2182 635 2242 tricem
658 2199 762 2264 usque
783 2175 826 2242 cd
852 2181 1003 2259 marpeni
1024 2183 1097 2264 (pro
1117 2177 1274 2242 *virenon
1296 2181 1435 2240 tricentni

322 2285 395 2358 oet)
411 2291 422 2342 t
441 2277 537 2344 simul
557 2299 631 2342 cum
650 2275 755 2342 nesali
766 2277 974 2363 praecedenti
991 2285 1099 2342 anter
1112 2279 1250 2344 eiectum
1268 2288 1327 2342 est.
1354 2275 1432 2341 Illae

322 2388 432 2444 nutem
458 2397 620 2442 consonae
648 2377 833 2442 etiamnunc
852 2377 1044 2442 coniunctae
1070 2386 1203 2442 exstent
1228 2377 1263 2442 in
1286 2376 1430 2442 cardina·

321 2477 407 2543 libus
434 2480 565 2560 rn‘pirsti,⁴
593 2479 725 2555 triptota
752 2475 901 2542 similiter
932 2477 1060 2542 ceteris.
1107 2475 1160 2542 De
1189 2477 1317 2562 origine
1349 2475 1430 2540 suffi-

321 2597 439 2642 xorum
458 2580 536 2658 picti
562 2573 616 2639 vel
633 2578 720 2655 piata
742 2597 761 2639 e
782 2574 926 2640 *deceni
945 2581 1065 2653 (decen)
1087 2574 1267 2642 Oorssenns
1295 2577 1342 2640 ite
1369 2574 1429 2648 dis,-

1515 1069 1519 1336 l

323 2677 424 2741 senuit
450 2674 568 2763 (symb.
592 2673 662 2741 crit.
685 2697 719 2761 p.
740 2679 801 2742 508
819 2695 870 2760 sq.
899 2672 1055 2740 additam.
1085 2696 1116 2761 p.
1138 2681 1179 2742 96
1197 2682 1259 2760 sq.)
1289 2684 1326 2742 nt
1354 2672 1429 2740 nihil
1517 2679 1518 2700 ¹

321 2775 365 2840 sit
389 2773 617 2840 adiiciendum.

296 2875 298 2882 ’
384 2872 540 2940 Similiter

383 2977 497 3051 deceni,
519 2975 632 3036 treceni
652 2991 754 3056 nsque
774 2967 818 3032 ed
838 2971 969 3049 nenqrsn‘
989 2978 1068 3034 nate
1086 2977 1161 3034 sunt
1179 2991 1221 3033 ex
1243 2970 1431 3048 *ducent-ni,

321 3075 484 3136 necent-ni.
527 3071 724 3136 limantem
747 3067 883 3144 formes,
905 3089 923 3132 e
945 3067 1063 3155 quihus
1086 3090 1145 3155 per
1166 3091 1348 3157 syncopem
1360 3068 1430 3134 illas

320 3171 425 3236 factas
456 3193 528 3236 esse
548 3170 739 3235 Priscianus
771 3165 812 3232 de
842 3165 957 3252 figuris
987 3189 1195 3232 numerorum
1222 3170 1257 3232 in
1278 3167 1363 3232 libro
1384 3174 1429 3234 24.

319 3278 444 3334 censet:
466 3269 539 3334 dico
562 3271 733 3350 decantent,
756 3272 920 3329 trecenteni
940 3273 1028 3330 recte
1051 3265 1230 3332 (lorssenus
1253 3267 1366 3331 suffixi
1387 3269 1432 3328 mi

321 3387 423 3456 opere
445 3367 487 3456 nd
510 3367 751 3434 similitudinem
772 3384 981 3430 numerorum
999 3363 1128 3430 illorum
1150 3370 1285 3444 (duceni,
1312 3369 1430 3444 ενοσωιι)

320 3465 413 3532 fictas
435 3489 506 3532 esse
527 3465 660 3534 iudicet.

381 3565 448 3632 Hic
471 3568 579 3631 stetim
602 3564 780 3650 adiungam
801 3561 996 3628 vocobulum

355 3696 357 3700 ·
382 3671 478 3748 scala,
500 3666 534 3730 in
556 3687 619 3753 qno
641 3666 712 3751 ipso
729 3661 867 3727 dentalis
884 3683 957 3726 cum
973 3661 1078 3727 nasnli
1094 3662 1252 3728 omittitur
1268 3674 1343 3729 ente
1359 3685 1426 3729 con·

320 3783 435 3830 sonam
457 3763 725 3852 subsequentem.
750 3761 884 3826 Dudum
906 3764 990 3826 enim
1011 3770 1100 3827 recte
1121 3781 1160 3826 ea
1179 3783 1247 3826 vox
1270 3761 1426 3850 componi·

319 3873 457 3930 turcum
472 3861 573 3929 verbo
589 3869 702 3926 scando
715 3859 796 3939 (Sor.
819 3865 960 3939 strand).
990 3859 1130 3926 Prorsus
1143 3868 1251 3926 nutem
1271 3860 1365 3926 aliter
1379 3882 1426 3924 res

321 3985 356 4027 se
379 3961 478 4029 habet
506 3961 541 4028 in
568 3961 771 4028 substantivo
793 3963 890 4042 mala,
906 3957 1004 4046 'quod
1033 3982 1205 4046 perperam
1226 3969 1340 4040 netum
1362 3980 1426 4024 esse

320 4063 509 4127 existiment
530 4085 548 4127 e
572 4061 641 4128 red.
664 4067 762 4126 mand.
791 4058 854 4132 (Of.
877 4059 906 4140 ξ.
930 4063 992 4135 28.)
