3056 4968
529 497 734 594 ΑΒ,

136 686 164 747 3.
187 673 340 759 κακχύζιο
360 680 410 758 (cf.
433 681 574 767 Hesych.
598 703 622 746 s.
646 703 674 744 v.
697 674 888 763 ,,κακχύζοι·
911 669 1061 754 ύτύκτιος
1081 675 1183 764 γελοῖ’(

78 803 104 845 κ.
125 801 151 845 τ.
174 776 205 846 λ.
227 790 259 844 ct
277 781 393 847 Athen.
412 786 505 858 615⁶)
526 791 638 845 natum
661 791 771 845 estex
792 773 930 858 καχύζω,
956 779 1042 864 quod
1063 779 1185 863 optime

77 879 225 965 congruit
241 901 314 945 curn
329 867 483 945 ludorum
497 877 652 946 kakhami
666 879 718 957 (cf.
736 878 995 946 Grassmannum
1010 880 1044 943 in
1058 877 1184 942 Kuhnii

77 977 193 1044 annali.
222 979 296 1044 XII.
318 985 378 1056 98).
430 981 466 1040 Χ
496 982 594 1044 etiam
622 981 655 1044 in
684 1001 711 1063 φ
740 979 897 1043 transisse
928 979 979 1054 (cf.
1010 975 1114 1043 Curtii
1144 975 1181 1043 el.

76 1099 146 1164 pag.
162 1084 224 1146 423
239 1086 299 1165 sq.)
321 1079 437 1164 docent
457 1078 586 1164 glossae
601 1078 830 1164 Hesychianae
851 1070 1038 1164 ,,καφύζοι·
1058 1068 1183 1155 κακχύ-

77 1173 135 1256 ζοι,
159 1175 263 1264 γεύφῖα
284 1189 315 1242 et
332 1171 531 1264 ,,καφύζειν·
554 1175 684 1260 γελᾶν.“

133 1285 161 1342 4.
182 1275 237 1342 Ex
260 1277 509 1357 sardicences.
533 1277 639 1344 Curtii
658 1277 696 1343 el.
720 1299 794 1364 pag.
810 1281 883 1354 227)
906 1275 1087 1341 derivanda
1109 1285 1183 1342 sunt

74 1371 241 1464 τι-θή-νη,
258 1371 355 1462 τί-θη
378 1370 515 1463 (τρύφος
536 1378 575 1442 cf.
589 1376 731 1463 Hesych.
749 1399 774 1442 s.
789 1379 842 1458 u),
864 1369 993 1461 τίτθη,
1008 1369 1180 1442 steorte.

133 1485 161 1543 5.
191 1471 309 1551 Histoe
329 1477 389 1541 fuit
409 1497 525 1541 nornen
547 1477 625 1562 pagi
646 1476 761 1558 Attici,
784 1477 838 1562 qui
862 1477 895 1539 in
917 1475 1018 1542 titulis
1040 1485 1072 1540 et
1096 1475 1182 1540 codi-

76 1576 162 1641 cibus
183 1597 426 1662 nonnumquam
448 1571 581 1649 Πίτθος
603 1574 754 1639 scribitur
774 1575 825 1653 (cf.
840 1573 1180 1656 Benseler,·Wbrterb.

75 1675 102 1741 d.
123 1675 247 1760 grieoh.
270 1673 492 1760 Eigennamen
513 1697 536 1737 s.
559 1695 610 1738 vv.
634 1666 749 1748 Πίθος
766 1682 798 1737 et
818 1666 972 1752 Πίτθος).

129 1781 156 1841 6.
192 1773 248 1838 Ex
275 1773 386 1840 radice
413 1793 504 1836 σκαπ
530 1771 582 1836 vel
607 1791 698 1858 σκαφ
728 1772 780 1849 (cf.
803 1771 908 1838 curtii
936 1773 974 1838 el.
1006 1794 1038 1859 p.
1063 1777 1120 1838 152
1151 1781 1182 1838 et

74 1879 142 1952 645)
163 1865 294 1958 σκύφος
314 1871 366 1936 vel
379 1865 585 1958 σκύπφοςη)
600 1871 812 1936 derivandum
831 1881 887 1936 est.
920 1870 968 1937 Of.
988 1873 1182 1959 praesertim
1242 1951 1246 1958 ι

75 1971 211 2038 Hesiodi
233 1973 449 2037 testimonium
472 1969 560 2057 apud
582 1968 694 2035 Athen.
718 1993 748 2056 p.
771 1976 868 2038 498²:

130 2064 310 2155 ,JHototog
336 2062 368 2132 δ’
404 2065 438 2133 ἐν
467 2071 513 2153 τῷ
541 2064 682 2154 δευτέρῳ
712 2065 963 2148 Μελαμποδίας
996 2066 1055 2133 σὺν
1080 2072 1128 2154 τῷ
1154 2095 1181 2134 π

74 2167 225 2258 σκύπφον
247 2164 353 2252 λέγει·

131 2283 163 2355 ‚‚·
162 2319 232 2338 .....
244 2271 299 2353 Τῷ
320 2263 357 2332 δὲ
380 2263 501 2351 Μύρης
520 2260 607 2342 θύος
629 2257 767 2349 ἅγγελος
790 2255 876 2351 ἦλθε
899 2259 947 2330 δι’
973 2259 1068 2330 οἴκου

130 2365 262 2457 πλήσας
284 2361 314 2432 d'
340 2360 497 2450 ἀργύρεον
519 2359 710 2451 σκύπφον
728 2361 818 2451 φέρε,
843 2364 929 2430 δῶκε
949 2358 981 2429 δ’
1006 2357 1181 2433 &vaurum

132 2477 159 2536 7.
194 2468 299 2534 Valde
326 2465 538 2556 probabiliter
568 2463 699 2530 Curtius
729 2466 762 2530 in
793 2466 831 2531 el.
854 2487 929 2553 pag.
952 2472 1012 2532 629
1043 2468 1181 2532 coniecit

74 2591 187 2634 nomen
208 2561 340 2653 Σαπφώ
362 2587 382 2631 a
403 2559 510 2652 σοφός
531 2564 743 2630 derivandum
765 2587 845 2630 esse.
887 2565 1001 2654 Itaque
1027 2567 1125 2630 etiam
1146 2568 1180 2632 in

76 2667 131 2732 hoo
162 2667 323 2734 vocabulo
339 2661 504 2731 'iunctura
533 2685 587 2750 πφ
620 2663 723 2729 locum
756 2664 913 2752 simplicis
943 2687 970 2749 φ
1000 2687 1179 2752 occupasse

74 2767 207 2833 videtur.
247 2759 356 2851 -Σαφιύ
378 2765 495 2851 legitur
516 2765 550 2827 in
571 2761 703 2828 vasculo
718 2761 907 2829 Monacensi
930 2764 1017 2850 apud
1031 2764 1179 2832 Iahnium

75 2887 102 2931 n.
123 2871 191 2933 753.

130 2971 157 3033 8.
180 2964 236 3029 Ex
257 2962 524 3050 inscriptionibus
547 2962 628 3044 haec
650 2961 801 3048 exempla
823 2961 997 3028 accedunt:

150 3063 247 3142 a-b)
268 3063 307 3127 In
317 3061 408 3126 titulo
423 3059 742 3146 TegeaticoO.I.G1-.
755 3066 833 3128 1513
848 3060 967 3146 iegitur
983 3054 1180 3125 ἀνατετθει-

73 3157 249 3250 uivotgpro
257 3153 540 3241 ἀνοτεθειμένοις,
548 3160 591 3226 ad
600 3181 695 3248 quarn
703 3161 897 3245 scripturam
906 3160 1073 3226 Keiliusin
1083 3161 1179 3227 anall.

75 3263 170 3347 epigr.
183 3285 257 3348 pag.
266 3267 305 3327 72
320 3260 401 3325 haec
414 3259 561 3324 adnotat:
581 3249 896 3342 „dvavaussps'vosg
906 3283 971 3325 non
983 3260 1113 3325 videtur
1125 3283 1179 3325 ns·

74 3359 265 3446 glegendum
275 3381 355 3426 esse.
372 3359 456 3424 Nam
469 3361 523 3446 qui
533 3357 658 3423 confert
668 3358 794 3422 titulum
803 3359 985 3424 'Pheraeum
997 3361 1031 3424 in
1040 3359 1179 3450 Intellig.

75 3457 102 3524 d.
124 3459 198 3546 ellg.
221 3460 298 3526 Litt.
325 3462 402 3526 1835
424 3481 454 3524 n.
478 3463 517 3525 73
540 3467 572 3522 et
590 3459 623 3522 in
644 3458 753 3523 Rossii
773 3459 892 3524 Reisen
919 3461 977 3524 auf
1004 3460 1034 3526 d.
1055 3459 1177 3546 griech.

74 3555 176 3622 Inseln
191 3559 215 3624 Ι.
232 3581 263 3644 p.
272 3563 321 3626 64.
337 3581 367 3623 v.
384 3563 403 3624 4
417 3551 572 3640 „drirttpc
587 3552 688 3621 estod
708 3581 781 3622 curn
801 3569 878 3624 nota
898 3560 953 3641 „in
974 3559 1033 3624 der
1047 3559 1179 3647 Lesung

75 3657 138 3719 BA
143 3659 269 3721 TOPA
279 3657 359 3736 (also
369 3651 517 3740 βύτθρα)
529 3659 678 3722 stimmen
690 3657 785 3723 beide
793 3657 1002 3724 Abschriften
1013 3659 1178 3742 tiberein‚“

75 3755 100 3818 is
114 3779 178 3822 non
193 3755 365 3838 dubitabit,
388 3757 466 3844 quin
486 3758 520 3822 in
533 3756 584 3821 his
599 3758 715 3822 vitium
731 3757 889 3826 habeatur
904 3759 1177 3846 pronuntiationis

75 3875 134 3920 non
154 3856 373 3922 inusitatum.“

81 3987 116 3996 ’ὓ-
141 3992 278 3999 --—--

121 4073 162 4140 4³)
180 4070 223 4127 Cf.
240 4072 342 4128 Athen.
360 4089 389 4144 p.
409 4075 478 4128 4990
500 4071 555 4141 „ro
574 4072 606 4127 di
623 4070 732 4144 σκύφος
748 4072 904 4149 ὠνομάσθη
927 4074 984 4129 ἀπὸ
1005 4079 1053 4142 τῆς
1071 4079 1177 4148 crupt-

76 4149 127 4216 θος.
149 4159 195 4210 καὶ
213 4163 296 4216 τοῦτο
310 4155 343 4210 d’
361 4156 440 4213 ἐστὶν
456 4155 562 4230 ὁμοίως
579 4157 714 4232 nimiost
732 4177 755 4216 κ.
774 4177 797 4212 τ.
816 4160 840 4214 l.
