3056 4968
510 416 718 508 *Aac*

58 591 192 679 ¹denique
223 591 557 694 ita·coniungeretur,
587 603 623 658 ut
647 593 732 670 hanc
759 593 967 680 produceret,
999 593 1074 680 ipsa
1098 615 1162 662 uon

62 693 120 754 iam
147 691 318 756 audiretur.
363 691 399 756 Si
424 693 506 760 forta
534 695 606 780 quis
633 695 767 758 miretur
789 692 875 779 quod
904 716 968 758 non
990 713 1095 780 pauca
1115 694 1162 757 in·
1190 757 1195 768 ,

61 790 223 856 veniuntur
250 790 401 876 exempla
430 792 464 856 in
493 791 610 880 quibus
644 815 785 858 consona
819 791 899 863 elisa
924 791 1070 858 vocalem
1097 813 1161 857 non

63 888 246 974 produxerit
276 912 473 978 magnopere
501 914 579 956 sana
605 913 640 956 se
673 890 876 956 commendat
902 891 1055 956 Corsseni
1087 911 1156 954 sen-

61 988 168 1070 tentia,
200 989 256 1076 qui
290 1010 328 1054 eo
357 991 403 1054 ait
431 991 586 1056 inclinare
611 989 754 1076 linguam
781 990 948 1073 Latinam,
980 999 1014 1056 ut
1042 989 1161 1076 produ·

61 1096 166 1151 eantur
188 1086 319 1152 vocales
348 1090 381 1152 in
409 1089 544 1176 syllabis
572 1098 706 1154 aooentu
735 1091 917 1174 expressis,
949 1088 1065 1154 breves
1095 1111 1161 1152 ma·

60 1193 150 1250 neant
170 1185 205 1252 in
228 1184 363 1272 syllabis
385 1188 550 1273 gravibus.
583 1185 751 1254 Habemus
774 1190 858 1255 enim
880 1212 910 1255 v.
934 1211 960 1254 o.
983 1183 1082 1264 moles,
1105 1187 1162 1252 sed

60 1287 197 1349 aturrus.

558 1489 587 1567 e.
608 1490 657 1552 42.

114 1630 264 1721 Denique
285 1632 428 1699 breviter
455 1633 620 1721 exempla,
653 1634 686 1697 in
716 1632 832 1720 quibus
862 1635 1059 1721 conspicitur
1086 1658 1160 1722 pro·

60 1726 159 1794 ductio
182 1731 384 1818 suppletoria
406 1735 546 1798 cumeis
571 1755 804 1819 comparemus,
827 1733 860 1796 in
883 1733 998 1820 quibus
1019 1755 1161 1799 consona

59 1827 152 1893 eiecta
173 1832 296 1896 intacta
313 1833 432 1896 mansit
452 1832 584 1898 vocalis.

92 2001 113 2056 p
134 1978 249 2044 elisum
271 1983 374 2048 estin
395 1995 541 2046 omentum
563 2003 648 2046 oum
670 1979 882 2068 productione
904 1980 1113 2068 suppletoria,

74 2111 112 2123 -
172 2128 191 2162 „
278 2127 298 2164 ‚,
340 2129 359 2164 ‚,
384 2083 463 2144 omes
487 2083 575 2146 sine
596 2079 688 2166 prod.
704 2079 826 2166 suppl,

93 2180 108 2237 t
172 2226 193 2261 „
234 2219 237 2224 -
279 2227 299 2262 „
340 2227 360 2263 ‚,
389 2182 578 2267 compositis
618 2201 689 2244 oum
728 2177 967 2264 praepositione
998 2183 1035 2240 ab
1070 2201 1161 2244 oum

385 2279 479 2368 prod.
500 2279 709 2370 suppletoria,
804 2329 805 2334 η

94 2386 105 2436 t
169 2423 189 2458 „
275 2423 294 2459 „
338 2425 357 2461 „
386 2383 490 2459 arem,
511 2383 622 2442 treceni
644 2377 683 2444 al.
705 2379 811 2440 duceni
833 2398 915 2444 cum
937 2374 1028 2462 prod.
1053 2376 1158 2464 suppl.

93 2481 113 2536 d
172 2523 192 2558 ‚‚
279 2525 298 2558 „
340 2525 359 2560 ,‚
389 2483 537 2561 quocirca,
561 2484 630 2555 leoc,·
651 2481 777 2550 reiectus
793 2497 902 2561 cogn.,·
923 2472 1035 2557 religio,
1059 2483 1159 2552 scala;
1214 2557 1217 2563 Δ

376 2581 460 2661 finis,
473 2581 575 2654 suain
597 2581 695 2660 diuisi,
711 2579 827 2660 divisio,
843 2597 924 2657 caso,
940 2598 1048 2657 casum,
1063 2599 1160 2652 esum,-

384 2699 469 2760 osor,
492 2680 611 2760 statilia,
637 2685 790 2755 refutare,
810 2679 904 2757 abies,
929 2677 1025 2758 aries,
1044 2679 1158 2758 partes,
1229 2681 1241 2706 ⁸

381 2799 435 2854 pes
457 2797 541 2842 cum
561 2774 653 2862 prod.
676 2773 780 2860 suppl.

73 2903 111 2918 -
170 2920 193 2954 „1
277 2919 296 2954 „
340 2921 359 2954 „
388 2876 500 2955 riliqs'o,
521 2881 654 2955 relinquo
675 2873 727 2956 al,
746 2876 837 2955 miles,
860 2883 978 2953 trames,
998 2876 1103 2952 hospes
1119 2871 1159 2937 sl.

387 2973 477 3038 sine
499 2972 591 3060 prod.
616 2971 721 3063 suppl.

92 3073 104 3128 l
174 3117 195 3153 ,‚
281 3117 301 3153 „
343 3117 362 3153 „
388 3075 432 3137 vis
453 3093 538 3136 oum
562 3070 654 3157 prod.
679 3068 783 3158 suppl.

91 3191 108 3228 r
169 3218 189 3252 ‚‚
275 3216 295 3252 „
336 3217 356 3252 ,‚
380 3175 504 3250 pedere,
529 3175 646 3249 podes,
665 3173 817 3249 peierare,
844 3190 935 3232 saose
961 3190 1046 3236 cum
1067 3167 1159 3255 prod.

387 3268 491 3356 suppl.

91 3388 111 3425 a
174 3415 194 3450 ‚‚
227 3413 239 3442 ,
277 3415 297 3450 ,‚
341 3415 360 3450 ‚‚
388 3372 539 3449 celtibera,
575 3370 727 3430 cohortari
748 3365 805 3442 al.;
836 3369 1001 3449 coiectura,
1027 3371 1159 3451 cottam,

385 3470 489 3542 coiuae;
524 3469 718 3543 concutiente,
757 3472 935 3544 oeconomis,
976 3469 1044 3529 ilico
1059 3501 1063 3510 v
1076 3489 1160 3532 cum

387 3565 479 3653 prod.
502 3564 607 3652 suppl.

90 3685 116 3723 m
171 3713 192 3748 ‚‚
277 3713 296 3748 „
338 3713 357 3748 ,‚
381 3670 517 3745 prelum5
534 3668 655 3745 septeni,
677 3669 783 3728 noveni
804 3687 889 3730 cum
911 3664 1004 3751 prod.
1029 3663 1133 3752 suppl.

91 3785 105 3821 s
171 3811 190 3846 ‚‚
276 3813 295 3847 „
337 3813 357 3847 ,‚
384 3785 513 3850 compp.
536 3785 609 3828 cum
630 3765 871 3850 praepositione
892 3767 955 3840 αξη
980 3769 1063 3847 alea,
1086 3787 1158 3846 quc·

383 3869 457 3937 lanu
484 3866 659 3941 pomerium,
684 3867 921 3943 pomeridianas,
943 3867 1090 3926 semestris
1112 3887 1159 3926 re-

383 3985 465 4037 mus;
486 3969 604 4040 a'e'aeus,
627 3983 708 4042 cena,
722 3970 843 4040 farsam,
858 3966 956 4045 penis,
969 3986 1057 4047 porse,
1069 3985 1160 4044 posto,
1259 4045 1262 4054 Ι

383 4064 456 4144 sessi,
480 4064 626 4138 senarius,
646 4085 749 4125 oenum
772 4082 855 4126 cum
874 4059 966 4148 prod.
990 4061 1096 4149 suppl.
