3070 4962
379 1253 382 1260 ’
479 1253 697 1356 CAPUT
724 1255 812 1354 ΙΙΙ.

226 1508 275 1556 ΒΕ
296 1507 481 1558 Anvnnsns
504 1507 710 1558 necessum
730 1509 851 1560 FORMA
873 1511 1067 1560 resumere.

291 1645 315 1707 ἕ.
330 1605 358 1695 Ι1.
393 1640 447 1696 De
464 1639 648 1696 adverbiis
665 1639 702 1694 in
721 1641 809 1712 -δην,
828 1643 914 1712 -der,
935 1643 1002 1698 -dm

638 1791 663 1858 Ι.

168 1923 247 1990 Jam
268 1923 339 1990 Jec.
363 1922 543 1991 Grimmius
570 1925 604 1990 in
626 1923 771 1990 Gramm.
794 1923 904 1992 Germ.
926 1925 967 1992 II.
998 1951 1028 2015 p.
1053 1933 1122 2010 239,
1145 1927 1202 1994 ubi

99 2021 133 2087 de
148 2023 314 2092 adverbiis
334 2023 523 2091 verbalibus
547 2023 709 2090 disserens
731 2025 859 2110 priscae
882 2023 1012 2111 linguae
1035 2025 1205 2093 Germani·

99 2144 149 2188 cae
168 2121 328 2188 adverbia
348 2124 464 2189 in-dn
486 2123 683 2205 desinentia,
711 2121 812 2188 veluti
841 2123 1007 2211 stulinglln
1039 2123 1206 2212 halingun,

99 2244 185 2309 quum
208 2223 274 2287 sint
296 2221 442 2287 feminini
464 2225 643 2289 accusativi
666 2224 747 2308 sing.
769 2245 867 2305 num,
889 2222 1079 2290 Latinorum
1091 2225 1205 2292 advers

98 2319 152 2386 biis
171 2323 304 2405 in-tim‚
317 2321 380 2386 -im
403 2321 647 2401 cadentibus²⁸)
670 2331 847 2410 comparat,
872 2322 977 2390 videri
999 2323 1078 2390 dicit
1102 2347 1207 2413 neque
1313 2333 1315 2338 ’

99 2443 171 2508 epus
192 2421 327 2510 plenum
348 2422 550 2508 periculosae
572 2422 663 2489 aleae
679 2422 880 2489 Graecorum
904 2446 1031 2512 quoque
1049 2423 1207 2492 adverbia

98 2518 210 2606 in-dqr
231 2520 296 2586 huc
310 2520 442 2604 referre,
464 2544 568 2610 neque
589 2523 780 2589 incredibile
802 2524 836 2588 in
858 2521 993 2589 vocibus
1009 2521 1119 2612 quales
1143 2526 1207 2591 sint

127 2669 167 2732 28)
186 2667 251 2722 vid.
270 2666 390 2722 Corssen
407 2668 551 2725 Kritische
567 2670 692 2742 beitrage
710 2687 759 2724 zur
777 2670 872 2728 latein.
893 2669 1085 2726 formenlehre.
1121 2670 1199 2728 Neue

98 2747 284 2806 Formenlehre
302 2752 351 2806 der
368 2752 463 2808 lstein.
482 2755 598 2825 spraehe
619 2753 654 2812 IL
678 2773 705 2826 p.
725 2758 774 2809 506
791 2771 850 2826 sqq.
881 2753 962 2820 Quod
978 2753 1102 2826 Boppius
1120 2771 1206 2828 quon·

99 2834 154 2890 dam
170 2838 290 2908 putabet
301 2836 466 2892 Latinorum
483 2838 616 2894 adverbia
632 2839 662 2892 in
680 2839 727 2892 ·im
741 2837 871 2893 cadentia
894 2843 1015 2910 cognata
1033 2853 1093 2893 esse
1113 2855 1206 2910 super·

98 2916 180 2974 laticis
196 2920 227 2975 in
244 2921 347 2989 -timus,
365 2919 469 2990 -simus,
488 2921 547 2993 ipse
565 2923 638 2977 ultro
655 2921 771 2977 reiciens
788 2923 818 2976 in
835 2923 907 2978 libro
925 2939 1000 2978 anno
1023 2925 1086 2977 1832
1106 2921 1205 2978 emisso

98 3001 182 3059 Usber
198 3006 253 3060 den
271 3003 384 3058 einfluss
402 3003 452 3060 der
468 3007 634 3077 pronomina
650 3005 702 3062 auf
717 3007 904 3078 wortbildung
919 3025 946 3077 p.
967 3010 1000 3061 24
1018 3006 1064 3076 (ef.
1081 3005 1205 3063 Gramm.

99 3084 152 3142 ²111
168 3107 196 3160 p.
211 3091 271 3157 243)
289 3088 461 3144 adverbiales
472 3091 643 3148 accusativos
654 3093 691 3148 ad
702 3091 845 3148 abstracta
855 3092 1037 3146 intermortua
1048 3096 1206 3162 spectantes

98 3185 150 3226 esse
166 3172 239 3229 dieu
274 3171 439 3228 Psimesium
455 3173 525 3230 illud
541 3173 671 3232 suffixum
679 3175 712 3229 -ti
729 3177 953 3245 -(ncnnunquem
962 3179 1099 3230 mutatum
1114 3175 1144 3229 in
1162 3177 1206 3245 -si‚

99 3254 129 3310 cf.
145 3256 353 3332 *θαυμαῐ-ιὼς
371 3283 406 3306 =
423 3258 624 3334 decussio-roffi
636 3258 843 3329 *ἄναισθητ-ια
853 3282 886 3306 =
900 3259 1097 3326 dvetodqo-lm
1111 3259 1205 3314 *ἔπετ-

99 3357 139 3393 o-r
205 3341 349 3411 ἔπεσ-ο-ν,
366 3342 434 3398 Dor.
455 3348 546 3416 φαντί
561 3369 595 3390 =
613 3348 695 3415 φασί,
714 3343 780 3412 elia)
803 3343 930 3399 omnibus
952 3341 1054 3416 linguis
1073 3341 1206 3414 Indoger·
1285 3347 1287 3353 '

98 3426 204 3481 manicis
220 3442 363 3482 commune
382 3425 428 3495 (cf.
447 3425 555 3483 Senser.
570 3422 681 3500 just-tis
700 3453 733 3474 =
751 3425 849 3484 Graec.
870 3432 1003 3497 caer-rec
1020 3451 1054 3473 =
1072 3429 1205 3490 (rvr-rec

98 3531 125 3555 =
143 3515 284 3575 ζευκ-σι-ς
302 3536 337 3557 =
356 3513 443 3575 ζεῦεις
459 3537 493 3559 ==
509 3511 573 3571 Lat.
588 3513 720 3584 junctio)
738 3513 873 3584 conjungi
889 3527 952 3566 cum
966 3510 1134 3566 thematibus
1146 3525 1205 3564 rer·

99 3593 199 3650 belibm
217 3597 273 3652 sire
289 3596 359 3651 viris
376 3596 434 3651 sive
453 3595 606 3668 defunctis,
626 3597 716 3652 rarius
734 3613 797 3652 cum
814 3595 985 3666 nominibus,
1003 3595 1044 3650 ite
1060 3599 1156 3648 temen
1173 3599 1205 3648 ut
1228 3587 1230 3594 '

98 3680 242 3752 euphoniae
252 3681 347 3752 legum
356 3681 427 3736 ratio
436 3681 472 3736 sit
480 3681 585 3738 habits.
598 3680 632 3736 In
640 3697 745 3754 magne
751 3679 937 3753 persuadendi
946 3677 1205 3749 urte‚quaBoppius

98 3762 184 3832 pollet,
202 3782 257 3820 non
267 3765 349 3820 facile
362 3765 484 3836 aliquam
496 3764 694 3836 πειθανᾶγκην
705 3783 850 3838 agnosces.
875 3765 978 3822 Veram
989 3777 1049 3818 esse
1066 3762 1126 3834 ejus
1143 3779 1204 3818 sen·

99 3847 264 3920 tentiamjem
272 3854 448 3922 agnoverunt
454 3847 565 3906 (lentim
578 3855 607 3906 et
615 3849 776 3920 Ocrssenus,
788 3866 841 3922 par
851 3849 945 3906 nobile
951 3846 1205 3920 philologorum.-

99 3927 200 3986 Pettius
216 3934 281 4004 quid
298 3935 332 3990 de
349 3935 403 3990 hoc
419 3933 617 3990 vocabulorum
627 3951 729 4007 genere
738 3935 859 4006 judicet,
877 3933 1003 4005 equidem
1015 3932 1124 4002 nesci03
1142 3948 1205 3988 cum

100 4013 166 4068 enim
182 4017 238 4088 ejus
248 4019 331 4090 ‘steyn
342 4019 459 4088 βιβλίον’
478 4017 616 4074 indicibus
629 4019 720 4076 adhuc
730 4022 831 4088 careat,
849 4017 948 4072 mirum
957 4021 1093 4087 quantum
1105 4021 1134 4072 et
1145 4017 1205 4094 dili7

101 4099 203 4166 gentina
219 4106 247 4158 et
261 4101 391 4174 temporis
409 4102 445 4158 ad
461 4102 651 4175 indagandum
669 4103 699 4158 id
716 4101 791 4176 quod
807 4101 912 4174 petitur
929 4117 997 4172 opus
1016 4104 1066 4155 est.
