3034 4964
642 427 683 494 80

561 507 769 520 munna-1·-

89 598 258 695 ὠφελέει.
287 609 348 675 568
376 600 488 672 ποιέει
509 615 542 673 et
559 627 672 694 saepe,
694 604 790 674 AAL·
811 611 864 679 18:
897 602 1018 676 δοκέει.
1048 617 1063 677 1
1088 603 1227 676 ποιέειν.

90 713 110 774 2
141 701 381 785 ένθομέεοθαι
415 711 451 772 13
483 701 669 790 ε’ξουρέειαι
697 706 765 772 ΕΙ
792 731 823 796 p.
853 714 911 776 160
944 711 1001 775 173
1029 702 1223 798 ᾑμορράγει.

92 811 157 872 194
182 799 287 894 ἤλγεε,
313 799 455 871 πονέειν.
498 805 597 872 ΕΙΠ
620 811 688 875 205.
711 813 772 874 207
793 801 907 891 έτόνεε
935 811 996 876 208
1018 799 1123 896 ἤλγεε.
1164 817 1225 880 210

89 896 278 991 ὦφελέειν.
322 911 383 971 217
411 899 578 972 καλέεται.
628 905 691 970 VA
714 912 743 972 7.
777 913 822 973 10.
856 911 893 972 17
923 901 1044 974 δοκέει.
1091 916 1138 977 14.
1170 915 1227 978 87ε

88 997 228 1068 ποιέει.
271 1010 306 1070 11
339 997 521 1071 σιτέεσθαι.
566 1011 607 1072 24
633 998 767 1091 ῥοφέειν
797 999 957 1091 ῥαφεέτιο.
989 1014 1028 1075 30
1052 1001 1223 1092 ἐξαιρέειν.

89 1104 204 1171 Ovs
233 1097 396 1168 καλέεται.
441 1109 550 1170 1217
578 1097 768 1171 ποιέεσθαι.
816 1112 853 1170 14
882 1099 1003 1170 ποιέει.
1048 1113 1086 1173 17
1107 1102 1223 1174 δοκέει.

89 1210 133 1272 30
161 1196 343 1288 ἐξαιρέειν,
369 1205 479 1286 etc.,¹)
505 1225 652 1269 necnon
676 1213 800 1270 ceteros
822 1203 942 1287 lonas,
964 1203 1004 1270 ci.
1026 1204 1141 1272 Hecat
1163 1207 1224 1274 284

88 1296 251 1367 κινέεται
272 1302 447 1378 (antecedit
476 1298 651 1387 περιειλεῖ).
679 1308 739 1371 332
768 1297 888 1367 δοκέει.
932 1302 1081 1370 Oleobuli
1103 1311 1122 1372 5
1144 1323 1223 1368 σκο-

88 1397 209 1468 πέειν.
246 1401 433 1488 Anaxagor.
469 1406 488 1468 6
520 1395 671 1483 κρατέειν
694 1395 837 1494 ,κρατέει
881 1397 1067 1486 7κινέειν,
1100 1397 1224 1469 ἐποίεε.

92 1510 131 1568 11
163 1497 286 1564 ποιέει.
328 1500 466 1588 Diogen.
497 1505 566 1566 1.2
594 1494 715 1567 δοκέει.
750 1510 770 1569 4
799 1494 1003 1568 έννοέεσθαε.
1044 1501 1167 1571 Meliss.
1193 1512 1225 1571 1:

89 1593 336 1683 συγχωρέεται.
365 1607 384 1666 5
405 1592 567 1675 κινέεται,
591 1594 773 1666 κινέεσθαι.
812 1607 849 1668 14
868 1595 997 1683 χωρέει.
1030 1602 1160 1668 Heracl.
1186 1605 1224 1670 18

90 1692 311 1785 ἀφικνέεται.
354 1703 388 1764 19
421 1692 576 1781 ε’ξαρκέει.
614 1704 655 1766 60
682 1687 831 1766 ὠνέεται.
872 1703 911 1766 92
939 1691 1142 1783 ὁμολογέειν.
1174 1707 1224 1771 03.

90 1806 136 1868 96
163 1791 354 1880 ὁμολογέει.
396 1795 549 1863 Democr.
578 1819 658 1863 mor.
681 1804 699 1866 3
721 1789 909 1880 αἱρέεσθαι.
948 1805 986 1869 14
1008 1791 1223 1881 ὀξυδερκέειν.

89 1906 136 1967 20
164 1891 314 1985 ψυχέειν,
336 1889 580 1960 κακοπαθέειν.
610 1902 649 1962 25
671 1891 792 1961 δοκέει.
814 1903 854 1964 24
876 1891 995 1964 ποιέει.
1038 1906 1079 1966 44
1100 1897 1222 1983 ξυγγιο-

90 1992 201 2080 ρέειν.
227 2001 266 2066 80
289 1986 423 2061 ἇκέεται
446 1986 739 2077 ἀπαιρέεται..227
759 1990 958 2076 μετανοέειν.
994 1996 1124 2064 Deinde
1144 2019 1223 2064 non·

90 2095 201 2162 nullis
224 2094 305 2160 locis
333 2094 375 2160 ab
397 2093 643 2182 iambographis
664 2097 828 2182 synizesin
856 2095 1037 2161 adhibitam
1063 2095 1222 2180 videmus,

91 2217 188 2285 quae
220 2217 261 2260 ne
287 2193 375 2282 apud
400 2193 579 2259 Homerum
611 2195 741 2283 quidem
767 2197 801 2260 in
830 2217 923 2260 usum
950 2195 1090 2260 venerit:
1123 2193 1222 2261 Arch.

92 2305 177 2366 tetr.
193 2301 234 2362 64
253 2288 443 2378 κερτομέειν
464 2292 577 2372 (Olcm.
594 2291 689 2359 Alex.
708 2293 825 2360 Strom.
847 2303 879 2359 et
900 2293 1000 2360 schol.
1015 2292 1088 2376 Od.,
1109 2301 1224 2359 contra

92 2401 283 2470 Stobacus:
315 2400 374 2479 εῖν)
403 2407 442 2470 80
472 2377 603 2486 crisseio
633 2401 737 2484 (cf.§.
762 2408 815 2485 17,
848 2407 876 2479 1)
900 2400 977 2467 Sim.
1001 2407 1033 2484 1,
1062 2405 1082 2467 9
1112 2377 1223 2468 δοκέελ

91 2499 270 2583 βροτῶν),
299 2508 330 2564 et
350 2499 489 2566 fortasse
513 2499 611 2565 etiam
632 2500 735 2588 Hipp.
757 2502 805 2583 74,
830 2507 863 2568 t:
887 2494 1028 2584 δοκέει),
1055 2501 1102 2566 ita
1123 2510 1160 2566 ut
1182 2501 1225 2567 sit

92 2598 250 2681 iambus,
276 2621 341 2664 non
368 2596 570 2666 choliambus
597 2597 675 2678 (vid.
696 2599 820 2687 Bergki
847 2604 934 2677 not).
978 2598 1068 2680 Quid
1097 2595 1222 2666 multa?

93 2698 218 2767 Facile
237 2707 289 2763 est
309 2697 473 2763 intellectu
500 2697 758 2786 iambographos
780 2699 893 2765 solitos
921 2718 993 2765 esse
1019 2698 1079 2764 has
1100 2698 1222 2764 formas

93 2823 169 2866 non
203 2796 404 2862 contrahere.
457 2796 620 2886 Quocirca
656 2799 858 2885 corrigamus
889 2798 980 2864 locos
1016 2795 1222 2864 deformatos.

93 2899 218 2985 Neque
239 2895 333 2962 nobis
355 2895 560 2962 metuendum
577 2917 648 2960 esse
669 2896 821 2982 arbitror,
843 2919 885 2963 ne
898 2897 1090 2962 temeritatis
1105 2917 1222 2982 argua-

93 3020 194 3078 mur,
217 3006 393 3082 propterea
413 2994 500 3083 quod
521 2995 556 3060 in
577 2996 698 3082 optimo
719 2995 812 3081 Hei,
834 3007 871 3063 ut
891 2990 1089 3062 recentiores
1111 2993 1223 3060 titulos

94 3097 155 3175 (cf.
179 3093 299 3182 Mylas.
322 3099 414 3178 2691,
437 3093 537 3159 Trall.
561 3098 654 3172 2019)
677 3096 852 3180 mittamus,
876 3093 898 3161 l.
920 3101 960 3161 45
983 3089 1158 3158 ἐπικαλεῖν
1178 3092 1222 3158 le·

95 3198 201 3284 gitur.
244 3192 398 3260 Ceterum
425 3194 459 3257 in
489 3215 648 3259 summam
679 3196 890 3282 suspitionem
916 3194 997 3260 mihi
1024 3193 1113 3259 venit
1140 3189 1223 3256 haec

97 3296 226 3372 forma,
258 3315 332 3360 cum
350 3295 385 3359 in
406 3292 480 3358 aliis
501 3291 748 3361 formationibus
771 3295 886 3362 solutio
909 3300 1084 3383 appaream
1114 3288 1221 3372 facile,

98 3397 130 3461 si
157 3392 237 3484 quid
248 3393 361 3478 video,
382 3392 527 3480 lapicida
546 3392 581 3456 in
603 3388 763 3458 έπικαλεν
782 3397 842 3474 (sic
863 3394 1100 3481 scriptumest)
1121 3409 1225 3456 unum*

57 3737 60 3744 Δ
156 3678 182 3746 1)
200 3673 336 3746 Exempla
353 3677 506 3744 contracta,
526 3689 643 3746 quornm
659 3691 789 3730 numerus
807 3692 865 3732 non
878 3676 994 3748 exiguus
1005 3677 1057 3743 est,
1071 3672 1097 3728 si
1109 3671 1226 3744 scopo*

100 3777 161 3816 rem
178 3776 236 3814 non
255 3763 331 3814 certa
347 3758 455 3814 ratione
472 3757 633 3814 destitutum
657 3775 717 3814 esse
733 3763 830 3832 putea,
852 3759 971 3815 librariis
981 3757 1109 3833 'tribues3
1136 3755 1223 3812 veluti

103 3843 172 3915 ᾤκει
195 3841 327 3898 Ε1102.
351 3839 435 3896 ΕΙΠ
452 3845 516 3909 201,
536 3840 686 3914 παρελήρει
708 3841 766 3898 ΕΙ
793 3847 840 3899 106
864 3848 917 3899 etc.
952 3841 1069 3897 Formas
1094 3837 1224 3896 κατενόει

102 3926 160 3981 ΕΙ
183 3928 241 3980 186.
263 3928 318 3980 187.
340 3929 398 3982 188.
423 3929 479 3980 192.
502 3929 557 3980 104.
578 3928 634 3979 107.
660 3923 745 3979 ΕῙΙΙ
762 3929 822 3984 202.
840 3931 898 3982 204.
915 3929 980 3981 205.
1005 3927 1065 3981 206.
1084 3927 1142 3979 211.
1163 3927 1220 3979 212.

102 4013 162 4065 224.
181 4011 316 4066 225220.
340 4013 399 4066 235.
422 4007 527 4064 διενόει
550 4011 600 4064 204
627 4007 760 4080 παρενόει
785 4014 835 4066 234
858 4027 921 4066 eum
943 4008 1033 4064 vocali
1054 4008 1220 4064 thematicae

102 4092 209 4150 vocalis
228 4093 386 4164 antecedat,
403 4110 461 4150 non
479 4091 661 4147 attestandae
677 4089 813 4150 videntur.
