3034 4964
521 421 644 501 *to

73 602 220 692 hemeran
238 602 452 693 Aussprache
473 605 526 672 die
548 606 670 684 Tenuis
690 627 734 674 an
757 606 812 676 die
827 605 926 686 Stella
949 607 1006 676 der
1019 609 1179 698 Aspirats

72 710 212 786 getreten
227 704 280 786 ist,
303 704 452 790 obgleich
467 703 531 770 viel
546 705 692 790 haufiger
715 705 767 770 die
783 704 845 770 den
859 706 1013 774 Attikcrn
1027 710 1177 796 3111111111-

70 799 148 869 liobe
167 801 322 890 Neigung
343 805 395 873 fin
418 805 471 877 die
492 804 685 890 Aspiratiun
704 804 925 882 hervortritt.“

125 916 225 996 Panae
255 918 355 1000 igitur
382 919 522 990 Jahnius
553 919 715 1006 duplicem
748 921 781 986 in
809 920 918 988 Attica
944 924 1176 1008 pronuntiandi

68 1015 223 1092 rationem
243 1017 359 1102 fuisset
382 1015 469 1105 qued
490 1041 556 1086 non
578 1017 682 1082 solum
703 1019 744 1082 iis
769 1018 809 1082 de
826 1021 960 1102 caussis,
980 1043 1060 1107 quas
1076 1044 1176 1108 supra

69 1113 157 1181 attuli
179 1150 222 1162 -
241 1138 319 1190 uam
341 1117 537 1190 siJahnium
558 1131 776 1202 sequeremur,
798 1119 894 1186 ctiam
918 1120 1074 1188 transitus
1090 1123 1176 1206 aspir

68 1220 211 1290 ratarum
231 1215 266 1279 in
287 1223 401 1285 tenues
424 1215 614 1286 statuendus
637 1224 778 1284 11111-
801 1216 859 1282 sed
881 1219 979 1283 etiam
1001 1227 1177 1305 propterea

67 1333 126 1376 non
146 1323 236 1378 recte
258 1337 292 1378 se
314 1314 429 1397 habet,
460 1314 550 1402 quod
568 1314 731 1384 interdum
761 1315 794 1380 iu
816 1315 930 1384 eodem
957 1317 1093 1384 vasculo
1120 1327 1176 1384 aut

69 1411 157 1478 titulo
181 1414 377 1495 attenuatio,
405 1422 441 1478 ut
460 1415 507 1482 ita
527 1413 649 1496 dicam,
672 1422 705 1478 et
724 1415 882 1499 aspiratio
901 1416 995 1480 iuxta
1016 1428 1177 1503 apparent

70 1509 166 1585 (velut
181 1513 218 1576 in
231 1511 426 1595 Καριθαῖος
441 1501 704 1598 Ρ11Χαριταῖος
725 1535 800 1598 pag.
816 1518 855 1580 83
872 1515 949 1576 etin
964 1515 1018 1578 illo
1034 1516 1176 1597 vasculo,

68 1608 120 1675 ubi
138 1601 414 1693 Ἀριστοκράθες
440 1604 646 1687 1111111111
671 1612 763 1684 iuxta
787 1611 1000 1696 scribuntur),
1019 1615 1174 1694 11111111-
1211 1623 1214 1628 '

67 1709 204 1774 cundum
218 1709 374 1774 Jahnium
396 1709 651 1775 concludendum
673 1720 768 1794 esset,
787 1711 874 1798 quud
895 1713 936 1784 ab
957 1715 1045 1781 omui
1067 1717 1175 1801 specie
1251 1763 1253 1771 .

66 1809 211 1872 veritatis
242 1807 411 1896 abhorret,
447 1809 577 1884 eosdem
609 1809 758 1888 homines
785 1810 881 1884 modo
915 1811 1050 1879 alteram
1079 1814 1174 1878 modo

66 1905 198 1974 alteram
219 1909 516 1994 pronuntiationem
539 1918 665 1977 secutus
687 1931 769 1974 esse.
808 1908 946 1975 Accedit
967 1913 1065 1980 etiam
1087 1912 1173 1998 quod

65 2029 215 2072 numerus
238 2029 349 2072 earum
367 2008 632 2095 inscriptionum,
662 2007 718 2080 ubi
739 2009 845 2078 tensus
867 2031 928 2094 pro
949 2012 1094 2096 aspirata
1117 2033 1173 2096 po·

66 2107 123 2171 sita
144 2116 212 2189 est,
245 2108 448 2178 accuratiore
471 2107 679 2194 inquisitione
707 2107 856 2174 instituta
882 2107 994 2174 titulos
1018 2111 1174 2174 contrarii

64 2207 189 2287 generis
214 2205 311 2292 plane
333 2215 503 2291 exaequat.
518 2208 557 2283 ¹¹)
618 2269 621 2276 .

120 2313 270 2390 Transeo
291 2323 390 2407 igitur
410 2343 497 2386 nunc
519 2321 561 2386 ad
582 2320 734 2407 exempla
753 2323 839 2408 ipsa,
859 2344 987 2411 semper
1002 2323 1049 2387 ita
1064 2321 1173 2409 dispo-

66 2419 136 2501 sita,
165 2429 206 2484 ut
227 2443 310 2506 quae
332 2419 477 2485 eiusdem
499 2421 635 2505 originis
657 2429 731 2484 sunt
753 2421 865 2486 codem
888 2431 1065 2508 *conspectu
1088 2443 1173 2486 eom-

65 2518 221 2602 prehendi
240 2521 374 2605 possint.
417 2521 509 2584 Vasa
537 2529 644 2584 autem
669 2521 704 2583 in
722 2519 819 2586 Italia
847 2523 1013 2607 superiore
1041 2531 1172 2607 reperta

64 2627 236 2704 propterea
257 2619 341 2682 inter
355 2619 483 2685 Atticas
505 2619 735 2704 inscriptiones
756 2630 994 2703 enumerantur,
1017 2622 1094 2707 quia
1116 2621 1171 2685 du·

63 2715 156 2781 bitari
186 2717 247 2781 vix
274 2727 395 2802 potest,
428 2719 506 2803 quin
533 2716 671 2782 Jahnius
703 2715 881 2784 Kramerns
910 2717 1084 2801 Miillerus,
1118 2719 1173 2804 qui

64 2815 221 2902 imprimis
243 2815 425 2882 doctrinam
445 2815 664 2901 saeculariam
686 2816 818 2900 callent,
840 2827 927 2882 recte
955 2818 1173 2883 iudicaverint

64 2917 167 2978 omnia
192 2915 353 2980 eiusmodi
379 2937 463 2984 vasa
483 2915 602 2982 Atticis
629 2914 767 2980 officinis
800 2916 998 2982 vindicanda
1025 2939 1097 2982 esse
1118 2917 1172 2994 (cf.
1232 2913 1256 2979 “.

64 3012 100 3078 Ο.
128 3015 233 3096 Jahn,
254 3013 476 3100 'Beschreibg
508 3014 540 3079 d.
569 3013 828 3099 Vasensammlg.
863 3015 973 3100 Konig
995 3015 1171 3100 ,Ludwigs

63 3109 213 3199 Einleitg.
236 3136 312 3200 pag.
336 3113 459 3192 OOLI).

118 3229 144 3294 l.
178 3228 224 3291 A:
248 3232 284 3288 X
301 3230 432 3314 ponitur
453 3251 512 3314 pro
533 3231 578 3290 K:

351 3329 384 3390 in
406 3327 525 3390 Atticis
546 3325 647 3390 titulis
673 3334 705 3390 et
725 3325 880 3391 vasculis:

119 3442 157 3505 In
178 3437 338 3528 amphora
359 3437 476 3508 Clitiae
497 3443 568 3520 (sic)
591 3450 622 3505 11
642 3439 805 3526 Ergetimi
826 3441 1060 3519 vetustissima,
1087 3464 1171 3530 quae

64 3539 167 3604 multis
184 3541 399 3627 argumentis,
418 3541 532 3606 formis
547 3541 741 3622 litterarum,
758 3540 1013 3628 Hippothoontis
1028 3542 1171 3626 imagine

64 3641 177 3726 —qui
200 3639 331 3727 quidem
357 3659 500 3727 proavus
521 3639 813 3728 Hippothoontidis
843 3639 929 3704 demi
956 3639 1079 3704 fuit-
1101 3663 1170 3704 ero-

64 3733 145 3822 bylis
166 3741 218 3815 (cf.
240 3733 340 3804 Thuc.
365 3746 391 3804 1.
413 3745 443 3804 6.
466 3744 507 3822 2),
530 3739 668 3826 denique
691 3738 875 3804 nominibus
900 3761 982 3824 quae
1002 3740 1170 3804 inveniun-

66 3904 270 3915 ὴ.-

113 4005 153 4060 111
176 4001 258 4054 Errat
278 4002 362 4074 igitur
380 4003 463 4056 etiam
481 3985 643 4064 Veratrum,
669 4001 702 4055 de
720 4003 802 4056 inser.
821 3999 895 4056 Cret.
918 4016 984 4072 pag.
1006 4003 1098 4072 itaq„
1122 4001 1171 4074 quui

65 4079 204 4168 Cretenses
222 4085 359 4158 duplicem
375 4084 634 4158 pronuntiationem,
646 4083 755 4140 astutos
772 4100 832 4140 esee
848 4083 966 4156 putavit.
