3034 4964
867 437 911 500 68

658 625 662 635 ’
736 685 954 783 curor
981 684 1043 780 11.

560 885 772 935 TESTIMONIA
793 885 960 932 VETERUM
983 883 1214 947 scelerosum

392 1017 558 1082 Exordior
579 1019 679 1104 igitur
701 1019 745 1084 ab
768 1019 851 1104 ipsis
870 1017 1064 1082 testimoniis
1080 1017 1276 1101 scriptorum
1289 1021 1427 1092 veterum,

331 1140 414 1202 quae
436 1115 543 1181 adbuc
571 1127 745 1204 propterea
773 1115 922 1202 neglecta
943 1115 1071 1203 jacent,
1092 1117 1179 1201 -quia
1207 1115 1325 1200 partim
1349 1110 1428 1176 falsis

332 1218 525 1302 conjecturis
546 1229 603 1280 aut
623 1216 832 1282 librariorum
854 1215 1020 1280 erroribus
1040 1223 1195 1299 corrupta
1217 1223 1305 1296 sunt,
1325 1211 1427 1299 partin
1500 1213 1501 1252 l

331 1318 365 1380 in
386 1315 525 1380 diversis
547 1338 608 1379 nec
621 1316 668 1380 ita
684 1314 859 1401 diligenter
872 1316 1022 1378 mactabo
1039 1312 1131 1378 libris
1145 1310 1318 1376 latuerunt.
1348 1309 1428 1390 Qurae
1500 1327 1501 1394 l

331 1416 518 1480 testimonia
538 1415 573 1477 in
588 1435 626 1479 eo
641 1416 749 1479 omnia
765 1419 979 1496 consentiunt,
1002 1412 1089 1501 quod
1103 1411 1256 1476 binarum
1269 1411 1427 1476 formarum
1500 1487 1501 1490 Ἴ

330 1515 365 1578 iu
392 1535 458 1578 una
483 1522 609 1578 tantum
639 1510 749 1577 littera
777 1513 1034 1599 discrepantium
1061 1513 1151 1575 tenui
1181 1515 1335 1600 scriptam
1362 1511 1429 1575 snti-
1500 1501 1501 1520 ¹

333 1614 488 1699 quierem,
512 1614 692 1698 aspiratam
714 1615 928 1677 recentiorem
950 1634 1021 1676 esse
1043 1608 1216 1686 affirmant,
1237 1612 1353 1697 partim
1361 1629 1430 1673 ‘vero

333 1722 445 1798 aperte
478 1711 590 1776 dicunt
619 1711 725 1776 formu
756 1713 905 1799 aspirata
937 1711 1091 1797 vulgares
1124 1708 1272 1776 homines
1301 1710 1369 1800 (qui
1397 1705 1429 1770 ab
1500 1729 1501 1750 ³

333 1809 587 1876 Atheniensibus
603 1805 702 1893 ξένοι,
717 1810 760 1875 ab
777 1810 851 1874 aliis
867 1809 1004 1875 Graecis
1018 1806 1162 1887 χυδαῖοι,
1181 1803 1317 1893 πολλοί,
1337 1829 1430 1890 παρο-

333 1903 532 1996 aerisona
553 1909 772 1996 appellantur)
798 1931 877 1976 usos
903 1931 984 1974 esse.
1028 1907 1154 1989 Quodsi
1182 1929 1244 1993 ego
1263 1931 1303 1974 ea
1324 1928 1430 1996 quoque

332 2010 526 2085 testimonia,
548 2031 632 2094 quae
648 2032 713 2073 non
728 2012 811 2097 ipsis
824 2008 936 2073 verbis
949 2008 1080 2094 linguae
1094 2007 1241 2093 vulgaris
1255 2010 1429 2073 mentionem

336 2109 469 2190 faciunt,
491 2105 656 2188 adscisco,
687 2107 802 2172 videor
824 2107 904 2172 mibi
936 2106 998 2172 boc
1020 2109 1096 2194 jure
1115 2107 1227 2171 lacere
1257 2131 1322 2172 non
1343 2105 1429 2170 solun

335 2217 472 2293 propter
494 2215 674 2270 ceterorum
695 2206 841 2271 locorum
863 2205 1056 2292 analogiam,
1071 2227 1186 2269 verum
1202 2208 1301 2270 stiam
1314 2215 1430 2293 propter

333 2308 441 2392 ipsam
462 2303 593 2389 linguae
616 2303 763 2388 vulgaris
785 2305 1013 2371 definitionem.
1056 2304 1151 2369 Haec
1173 2308 1258 2370 enim
1281 2328 1351 2371 cum
1371 2325 1430 2367 con·

334 2406 438 2470 traria
470 2405 512 2468 sit
540 2402 671 2488 linguae
700 2403 861 2482 urbanae,
894 2405 999 2492 qualis
1031 2407 1066 2468 in
1094 2403 1213 2468 litteris
1241 2405 1429 2492 conspicitur,

335 2523 527 2588 semperque
555 2511 681 2565 crescat
707 2512 740 2565 et
759 2504 947 2568 immutetur
976 2506 1058 2568 sicut
1086 2503 1162 2566 illae
1189 2503 1335 2590 linguae,
1363 2523 1431 2588 quae

335 2605 466 2666 omnino
488 2609 600 2664 carent
622 2602 846 2686 scriptoribus,
870 2603 1053 2670 litterarum
1074 2611 1182 2666 autem
1205 2605 1256 2667 vis
1278 2613 1370 2689 atque
1387 2600 1430 2664 na·

333 2712 409 2766 tura
438 2699 473 2762 in
506 2701 752 2765 conservatione
781 2711 815 2765 et
841 2701 1073 2790 aequabilitate
1100 2703 1244 2766 omnium
1270 2703 1428 2767 formarum

335 2807 495 2879 cernaturr,
516 2800 711 2864 mutationes
735 2801 820 2886 ejus,
843 2824 924 2887 quas
946 2802 988 2866 ab
1010 2801 1091 2888 ipsis
1114 2799 1330 2887 scriptoribus
1349 2809 1429 2864 testa-

334 2909 385 2962 tas
408 2918 480 2962 esse
499 2895 666 2979 videmus,
696 2897 791 2962 aliter
812 2899 957 2984 intellegi
977 2923 1042 2965 non
1064 2910 1217 2986 possunt,
1243 2901 1308 2964 nisi
1328 2921 1379 2964 eas
1397 2919 1429 2960 ex

226 3065 228 3070 ,
334 2998 447 3081 lingua
468 2993 599 3080 vulgari
618 2997 784 3082 profectas
806 3020 878 3063 esse
901 3008 1087 3064 statuamus.

395 3096 421 3160 I.
457 3094 722 3159 Vetustissimum
753 3099 894 3161 omnium
923 3098 1074 3184 idemque
1100 3099 1332 3184 gravissimum
1356 3095 1427 3161 testi·

334 3195 476 3260 monium
498 3203 547 3258 est
566 3192 712 3258 Platonis
734 3195 768 3258 in
788 3195 924 3284 Oratylo
945 3219 1019 3284 pag.
1043 3196 1155 3264 406A:

397 3288 525 3376 ,Λητὼ
548 3287 585 3354 δὲ
604 3283 674 3355 ἀπὸ
695 3295 752 3377 τῆς
772 3292 959 3379 πραότητος
979 3295 1034 3380 τῆς
1046 3295 1142 3369 θεοῦ,
1163 3291 1249 3356 κατὰ
1265 3293 1305 3359 τὸ
1325 3284 1427 3376 ἐθελή-

332 3415 416 3476 μονα
436 3380 523 3454 abac
544 3377 590 3454 ὧν
614 3381 655 3452 ἄν
675 3413 727 3465 τις
748 3388 872 3477 δέηται.
900 3386 980 3468 ἴσως
1001 3389 1037 3456 δὲ
1059 3387 1104 3467 ὡς
1126 3386 1158 3453 οἱ
1180 3390 1269 3470 ξένοι
1291 3393 1425 3458 καλοῦσι·

334 3488 454 3556 πολλοὶ
477 3486 538 3570 γὰρ
553 3492 592 3550 A
597 3486 684 3572 ηθώ
707 3488 880 3554 καλοῦσιν·
903 3486 1012 3555 ἔοικεν
1034 3481 1092 3554 οὖν
1112 3488 1199 3571 πρὸς
1215 3490 1257 3556 τὸ
1279 3492 1326 3578 μή
1346 3485 1425 3576 τραχὺ

332 3591 392 3654 τοῦ
413 3581 522 3674 ἤθους
544 3579 623 3650 ἀλλ’
646 3583 769 3673 ἥμερόν
788 3611 824 3652 τε
845 3587 902 3653 καὶ
923 3587 1162 3677 λεῖοοΛηθώ
1176 3589 1358 3678 κεκλῆσθαι
1373 3583 1426 3653 ὑπὸ

332 3691 396 3750 τῶν
417 3689 514 3750 τοῦτο
536 3680 760 3754 καλούντων.“

380 3786 454 3851 'Sic
474 3785 578 3852 verba
601 3787 636 3852 iu
659 3787 826 3854 codicibus
846 3788 1013 3874 leguntur,
1042 3789 1100 3854 sed
1120 3790 1240 3854 mirum
1259 3793 1294 3854 iu
1313 3786 1423 3853 modum

335 3885 568 3952 Stallbaumius
603 3894 635 3950 et
665 3885 874 3954 Hermannus
909 3889 1047 3954 alterum
1079 3883 1194 3973 Aqua
1230 3889 1265 3952 in
1295 3873 1423 3968 Assos

336 3993 552 4065 mutaverunt,
568 4006 651 4068 quae
670 3984 783 4067 forma,
806 4009 1002 4073 quamquam
1015 4008 1176 4071 nusquam
1188 3988 1315 4072 legitur,
1332 3995 1422 4049 tamen

336 4105 356 4146 a
386 4081 597 4147 Stallbaumio
629 4085 814 4168 excogitata
844 4095 907 4168 est,
938 4096 973 4151 ut
1005 4085 1203 4175 etymologia
1230 4087 1363 4152 nominis
1391 4099 1422 4144 ex
