3034 4964
616 460 654 520 17

68 641 170 720 (mp.),
194 635 343 700 conferas
367 633 502 700 alterum
527 636 758 724 superlativum
780 629 962 722 ὠκύτατος,
984 639 1038 725 qui
1061 649 1190 725 praeter

69 731 163 798 illum
187 733 277 821 apud
297 733 477 804 Homerum
498 738 671 808 invenitur.

130 832 277 898 Deinde:

132 927 260 1012 μέσος
282 932 427 1026 Theogu.
450 939 510 1003 998
540 957 582 1002 cx
606 936 701 1022 epica
721 934 834 1021 lingua
856 936 1023 1021 antiquum
1046 935 1189 1021 superla-

67 1034 173 1097 tivum
195 1027 361 1112 μέσσατος
383 1035 536 1100 servavit.

135 1131 221 1196 Tum
244 1153 458 1198 commemoro
480 1133 544 1198 duo
566 1131 740 1198 adverbia:

134 1253 156 1292 α
166 1250 230 1313 yx:
251 1223 345 1294 vel'
326 1253 347 1293 α
355 1251 448 1313 χχοι
480 1232 568 1322 apud
597 1232 855 1316 Simonidcm7,
878 1237 925 1300 26.
950 1239 988 1300 33
1022 1255 1188 1319 compara

68 1331 175 1394 tivum
199 1318 304 1393 ασσον
323 1330 430 1416 habet,
454 1335 552 1398 etiam
569 1331 610 1396 ab
626 1329 794 1399 Herodoto
816 1355 881 1398 non
902 1331 1052 1398 alienum
1097 1331 1189 1414 Quae

69 1429 178 1547 {orma
192 1439 271 1494 nata
292 1440 397 1496 estex
413 1431 610 1518 simpliciore
632 1432 733 1520 stirpe
756 1422 815 1510 ἇχ,·
837 1453 909 1498 cum
932 1441 988 1498 ant
989 1433 1069 1522 iqua·
1085 1431 1190 1497 forma

67 1521 130 1608 ἆχ-
132 1550 186 1591 ιον
210 1538 315 1596 autem
338 1531 487 1596 conferas
507 1530 663 1598 Senserit.
687 1530 739 1616 rh·
741 1532 849 1617 tja(ns
799 1537 849 1607 n)s
866 1531 906 1610 *.)

132 1621 245 1710 μάλα
273 1628 409 1698 adverbi
440 1631 681 1718 comparativus
713 1627 806 1716 Tyrt.
837 1636 889 1710 12,
913 1637 931 1696 6
964 1617 1125 1718 πλοιτὸίη
1155 1627 1191 1694 δὲ

69 1721 195 1792 Μίδεω
220 1724 277 1791 καὶ
298 1724 449 1810 Κινύρεω
470 1724 597 1812 peditur
618 1731 792 1816 pristinam
813 1729 949 1796 formam
972 1734 1125 1814 servavit,
1150 1755 1192 1798 ex

70 1851 137 1916 qua
165 1826 311 1913 vulgaris
338 1825 470 1908 μᾶλλον
494 1827 605 1908 (Arch.
633 1838 706 1894 tetr.
729 1835 833 1911 63,2
837 1829 1012 1914 ..Theogn
1034 1837 1171 1898 5980
1120 1841 1171 1896 etc
1173 1839 1193 1910 .)

71 1926 308 1994 assimilatione
330 1937 408 1994 nata
428 1938 486 1994 est.
527 1927 641 1993 Ionum
670 1929 770 1992 fuisse
798 1929 935 1994 videtur.
978 1929 1192 1995 01010840-

70 2027 161 2094 bosc.
189 2026 284 2092 Orth.
308 2050 338 2113 p.
361 2033 436 2094 24οι
460 2017 572 2102 Ἴωνες
592 2022 629 2090 δὲ
649 2023 688 2089 τὸ
714 2025 845 2108 μᾶλλον
872 2023 997 2109 μάλιον
1026 2019 1188 2110 λέγουσιν,

70 2125 217 2212 Hesych.
235 2119 374 2208 μάλιον·
403 2123 543 2208 μᾶλλον.
587 2126 686 2190 Recte
715 2136 831 2212 poetae
853 2130 1004 2192 restituta
1034 2136 1082 2190 est
1109 2149 1129 2190 a
1147 2128 1193 2192 M.

72 2223 223 2312 Schmidt
254 2224 364 2312 (vulgo
396 2225 484 2310 apud
506 2223 683 2291 Stobaeum
703 2221 884 2307 Krvvps'oro
913 2221 1040 2304 μᾶλλον
1048 2248 1058 2300 ,·
1090 2229 1192 2292 etsie

72 2324 454 2406 manumissorum),
476 2324 504 2388 Β
524 2319 667 2404 lto-trau
689 2319 816 2402 πλέον).

137 2423 223 2490 Tum
252 2446 293 2490 ex
322 2426 570 2510 comparativis,
601 2425 656 2510 qui
678 2423 876 2516 astirpibus
903 2427 1067 2490 nominum
1097 2424 1196 2491 dedu·

73 2533 201 2612 cuntur,
221 2521 373 2610 legimus:

136 2621 228 2708 Tyrt.
255 2628 301 2708 12,
325 2629 360 2687 7:
382 2618 624 2704 rostratarum,
648 2621 689 2687 cf.
712 2617 881 2702 βασιλεύς,
905 2634 937 2688 et

135 2720 248 2786 Mimn.
272 2729 307 2803 4,
330 2728 359 2788 2.
383 2721 461 2787 Sim.
485 2725 514 2804 6,
536 2727 571 2788 2:
593 2713 716 2804 ῥίγιον,
742 2722 783 2788 cf.
807 2721 913 2804 ῥῖγος,
938 2731 1108 2808 utrumque
1130 2725 1194 2788 iam

73 2821 221 2886 earmina
243 2820 418 2888 Homerica
440 2819 588 2886 offerunt.

135 2920 287 3007 Denique
310 2921 563 3006 comparationis
587 2917 725 3007 duplicis
749 2922 909 3009 exempla,
928 2921 1038 3012 qualia
1055 2921 1131 2985 inde
1153 2921 1195 2984 ab

73 3019 221 3084 Homero
244 3022 385 3088 maxime
407 3028 577 3106 poetarum
601 3022 736 3114 propria
759 3031 839 3096 sunt
863 3022 1011 3108 repperi:

137 3117 249 3183 Solon.
272 3124 327 3202 27,
361 3127 413 3188 15
439 3112 701 3204 μαλιιότερος
729 3113 932 3200 (potissimos
963 3121 1094 3204 egregie
1124 3141 1196 3183 eou-

75 3217 150 3282 iecit
170 3216 292 3302 Bergk.
324 3240 383 3304 pro
410 3211 629 3302 μαλακώτερα
653 3228 685 3282 et
712 3213 935 3302 μετριώτερα).
979 3219 1027 3284 Of.
1051 3217 1193 3304 Hesych.

74 3311 282 3400 μαλιωτέρα·
305 3313 581 3403 προςφιλεστέρα.
624 3317 686 3382 Est
701 3318 1042 3406 comparatioformae
1063 3311 1195 3396 μάλιον.

134 3415 248 3482 Mimn.
281 3423 332 3492 14,
361 3422 395 3482 9:
424 3409 570 3496 ἅμεινό
578 3438 707 3498 τερος.
737 3416 975 3506 Simpliciorem
1005 3416 1197 3502 comparati-

78 3536 155 3580 vum
169 3524 292 3580 mentre
313 3515 409 3602 legis:
431 3515 544 3582 Mimn.
559 3523 586 3593 7,
600 3525 628 3584 4.
652 3517 730 3582 Sim.
743 3524 772 3599 6,
786 3524 814 3583 2.
837 3515 920 3582 Xen.
933 3522 961 3598 2,
979 3524 1026 3582 11.
1050 3515 1195 3599 Theogn.
1264 3583 1271 3596 ,

77 3618 143 3682 393.
171 3621 226 3682 131
252 3625 310 3680 etc.

139 3699 286 3798 Theogn.
308 3719 385 3782 548:
418 3701 675 3796 ἆρειότερος,
701 3715 789 3802 quod
810 3713 979 3779 descendit
995 3713 1042 3778 ab
1066 3705 1194 3795 ἀρείων.

138 3811 287 3892 Quarum
309 3813 486 3879 formarum
509 3811 599 3879 nulla
621 3813 710 3902 apud
733 3815 814 3880 alios
837 3822 952 3901 potitus
975 3813 1146 3898 reperitur.

103 4005 117 4028 ι
145 4047 170 4115 *)
190 4043 314 4101 Gruuds.
331 4062 361 4116 p.
381 4048 438 4100 174.

129 4142 268 4195 Ourttus,
289 4141 391 4184 stacten.
408 4138 429 4182 2.
970 4149 985 4198 2
