3056 4968
871 454 929 516 too

344 632 427 706 (Lot.
452 640 534 694 acris
565 655 626 720 pro
647 633 773 710 *amis'5
805 632 902 701 Goth.
929 655 1021 713 cuso;
1052 635 1117 700 Lit.
1146 640 1246 710 ausim
1276 635 1343 700 vid
1370 634 1461 700 elem.

342 732 475 818 etymol.
505 755 536 798 n.
558 737 639 810 619).
690 733 797 818 Atque
826 733 868 798 ab
895 734 958 799 hac
984 735 1147 809 *ausuum
1176 758 1291 810 osmeri,
1322 733 1463 818 denique

345 853 429 894 omen
452 830 676 896 deducendum
697 855 775 907 esse,
799 833 877 898 mibi
900 833 1029 920 quidem
1052 842 1185 900 constat.

271 919 273 925 ¹
406 927 499 1008 Quae
522 932 550 996 si
571 939 658 994 recte
680 954 714 995 se
735 930 864 1008 habent
886 933 1054 1018 primitiva
1075 937 1177 994 ominis
1192 934 1281 998 notio
1296 932 1379 996 bace
1400 940 1463 994 cst:

344 1026 379 1092 id
415 1028 502 1116 quod
529 1029 639 1117 aliquo
669 1029 765 1095 modo
801 1030 949 1095 sensibus
978 1033 1166 1118 percipitur.
1217 1029 1322 1096 Simul
1353 1039 1464 1094 autern
1521 1061 1522 1080 κ

345 1136 485 1214 apparet
504 1151 525 1192 a
546 1127 768 1215 productionis
799 1128 1020 1217 suppletoriae
1047 1128 1208 1216 exemplis
1235 1128 1298 1194 hoc
1320 1127 1463 1192 vocabu-

345 1224 410 1290 lum
432 1249 502 1292 esse
525 1227 739 1294 eximendum.

852 1394 881 1474 ἓ.
903 1397 953 1460 25.
1522 1436 1523 1502 l

410 1523 447 1588 In
469 1526 516 1588 eis
531 1546 614 1608 quae
627 1524 724 1590 modo
739 1535 986 1611 praecesserunt
999 1522 1123 1588 nullum
1138 1531 1248 1589 exstat
1264 1523 1463 1610 exemplum,

347 1625 381 1688 in
403 1645 466 1710 quo
492 1623 637 1689 sibilanti
659 1634 734 1688 ante
754 1647 782 1686 m
802 1624 943 1690 litteram
971 1634 1106 1688 extrusa
1127 1621 1238 1688 brevis
1267 1621 1396 1689 vocalis
1419 1643 1461 1687 re

347 1721 425 1786 licta
447 1724 496 1786 sit.
540 1721 647 1802 Quam
670 1745 818 1788 normam
840 1745 904 1788 non
925 1722 1047 1810 ubique
1068 1720 1196 1802 valere,
1216 1721 1300 1786 haec
1322 1720 1388 1786 duo
1414 1744 1461 1785 vo

348 1820 465 1885 cabula
485 1823 595 1886 statim
613 1821 780 1886 afferenda
801 1832 876 1886 sunt
897 1821 1104 1887 documento:

412 1915 548 1996 (lomene,
570 1919 610 1985 de
633 1943 695 2008 quo
717 1921 818 2012 verbo
838 1919 944 1986 Varro
967 1921 1059 1998 (del
1082 1921 1152 1984 Lat.
1176 1919 1241 1984 VH
1263 1925 1291 2003 ξ.
1308 1925 1361 1998 26)
1384 1920 1462 1986 hoec
1523 1969 1524 1972 η

348 2017 496 2104 protulit:
531 2021 775 2101 „Germanarum
803 2021 961 2108 priscum
977 2017 1172 2086 vocabulum
1205 2020 1253 2083 ita
1280 2027 1396 2083 nutum
1426 2040 1461 2082 ac

349 2117 505 2204 scriptum
524 2119 616 2184 ⁴est.“
663 2117 772 2184 Etiam
805 2120 923 2184 Festus
963 2141 1036 2183 eam
1070 2119 1209 2184 formam
1242 2118 1459 2204 antiquiorem
1523 2159 1524 2186 r

269 2283 280 2311 x
349 2215 503 2280 exhibuit
548 2215 675 2298 Quibus
703 2219 897 2284 testimoniis
926 2217 1135 2282 manifestum
1161 2217 1199 2281 lit
1219 2215 1367 2282 radicem
1389 2237 1459 2280 ean-

349 2310 533 2397 demeare,
556 2318 696 2403 quaein
719 2318 879 2382 sanserito
904 2341 968 2398 cca,
999 2339 1133 2399 canere,
1157 2314 1356 2402 praedicere
1378 2325 1411 2380 st
1429 2316 1459 2378 in

347 2415 476 2480 nomine
497 2437 631 2496 geomeo,
654 2426 778 2499 cantus,
803 2417 1001 2503 conspicitur
1023 2416 1075 2494 (of.
1097 2413 1315 2480 Grassmann.
1338 2413 1456 2478 Kubnii
1524 2484 1525 2488 ,

349 2512 468 2580 annall.
495 2513 576 2578 XVI
604 2519 704 2595 [1867]
739 2521 819 2592 178).
862 2513 928 2582 Sed
962 2537 1003 2580 ex
1034 2513 1153 2584 eedem
1182 2513 1288 2578 forma
1319 2515 1459 2577 Οωπιιπα
1524 2489 1525 2580 i

349 2610 415 2676 alia
436 2613 490 2676 via
511 2635 551 2677 ac
572 2615 713 2696 ratione,
736 2623 860 2680 mutato
882 2614 1006 2682 scilicet
1026 2638 1041 2678 s
1063 2615 1098 2678 iu
1119 2637 1138 2674 r
1158 2611 1285 2698 prodiit
1308 2615 1459 2686 carmem,

349 2731 445 2797 quam
465 2711 603 2777 formem
616 2712 723 2778 Varro
740 2713 762 2777 l.
777 2713 797 2778 l.
822 2713 971 2779 tradidit:
991 2711 1093 2796 „alibi
1110 2713 1275 2774 aarum
1289 2710 1333 2776 cb
1350 2711 1458 2778 eadem

349 2810 473 2895 origine
497 2820 570 2875 sunt
589 2810 802 2894 declinatae,“
825 2821 924 2878 ulex
947 2813 1092 2890 *cosmum
1114 2811 1321 2874 *silicernium
1340 2811 1458 2876 factum

348 2918 397 2974 est
420 2931 549 2991 carmen,
573 2914 763 2976 silicernium

410 3008 518 3096 Atque
550 3012 693 3074 Camillus
722 3019 779 3075 aut
802 3013 944 3088 Camilla
971 3013 1061 3076 ouius
1092 3009 1219 3097 plenior
1248 3007 1356 3074 forma
1376 3005 1458 3094 opud

350 3107 529 3194 Vergilium
553 3118 671 3191 exstat,
692 3107 775 3176 Aen.
797 3109 855 3191 XI,
880 3115 957 3177 543:

977 3243 1018 3256 -··
1038 3211 1201 3290 aratrisque
1223 3211 1343 3270 vocavit

391 3311 504 3394 nomine
529 3310 747 3394 Casmillae,
771 3319 884 3372 mutata
903 3321 992 3388 perte
1016 3310 1220 3372 Camillam.

409 3404 474 3470 Hic
495 3425 622 3492 quoque
643 3406 752 3471 brevis
776 3405 899 3471 voculis
930 3417 1005 3494 post
1027 3406 1212 3474 sibilantem
1236 3405 1378 3469 eiectam
1398 3424 1453 3466 non

349 3513 472 3568 mutata
494 3514 550 3570 est.

857 3673 885 3751 §-
910 3675 960 3736 cc
1009 3729 1013 3735 .

412 3799 477 3864 Sed
498 3804 565 3866 iam
585 3801 628 3866 ad
649 3801 739 3866 aliud
761 3824 863 3886 genus
884 3823 1003 3867 vocum
1023 3800 1244 3866 accedendum
1264 3802 1338 3866 erit.

410 3923 431 3960 a
452 3921 579 3987 quoque
600 3900 739 3983 casalis,
768 3902 890 3966 utiam
912 3900 1117 3987 supradixi,
1148 3901 1214 3963 vim
1236 3899 1360 3965 habere
1382 3898 1452 3964 solet

241 4059 243 4066 .
348 3997 533 4063 sibilantem
563 3998 626 4064 sibi
653 4001 873 4090 praepositam
894 3998 1051 4064 eiiciendi.
1094 3997 1295 4085 Incipiemus
1318 4022 1339 4064 a
1361 3996 1450 4062 verbo

349 4105 467 4164 asam.
510 4097 593 4164 Cum
615 4100 701 4164 etin
722 4098 834 4186 lingua
855 4098 1014 4165 Umbrica
1035 4104 1158 4162 assem
1181 4108 1212 4163 et
1236 4101 1271 4164 in
1294 4097 1450 4163 Senserita
