3034 4964
562 481 565 488 .
613 468 653 530 75
710 479 714 488 .

80 661 1193 750 schopulusinsyllogevooabull.Attic.etAmmoninsed.Valcken.

81 783 157 849 pag.
181 767 256 845 122,
287 763 343 850 qui
364 762 501 828 eundem
526 773 691 829 auctorem
721 764 824 830 secuti
845 785 908 828 uno
932 784 1093 827 consensu
1111 761 1195 827 haec

78 859 225 926 tradunt:
259 854 434 948 „ddpuvov
452 857 513 942 μὲν
535 856 567 925 οἱ
586 855 729 940 Ἀττικοὶ
755 858 909 945 λέγουσιν
929 857 987 947 τὴν
1007 853 1093 942 παρ’
1116 854 1195 946 ἡμῖν

58 950 246 1044 κράμβην·
268 955 438 1046 ῥαφανίόα
460 957 499 1025 dd
520 959 577 1046 τὴν
598 954 680 1044 παρ’
703 955 781 1049 ἡμῖν
802 955 984 1043 ῥόιτανον.“
1026 959 1074 1027 Of.
1097 963 1194 1026 etiam
1300 969 1320 988 '‘

77 1057 192 1124 Thom.
214 1057 302 1145 Mag.
323 1059 373 1126 ed.
394 1060 519 1128 Ritsohl
547 1085 621 1149 pag.
646 1067 715 1130 323.
737 1067 756 1127 2
783 1053 843 1144 „ot
866 1051 1028 1135 δὲ”Ιωνες
1047 1055 1194 1143 ρέττανσν

76 1151 134 1242 τὴν
162 1151 335 1243 ῥαφανίδα
365 1154 549 1242 λέγουσιν.“
595 1162 751 1226 Formam
784 1163 873 1226 tenui
906 1161 1062 1246 scriptam
1094 1160 1193 1223 etiam

80 1255 171 1343 apud
192 1259 389 1341 posteriores
411 1261 585 1347 scriptores
607 1269 832 1326 conservatam
854 1281 925 1324 esse
947 1258 1041 1324 docet
1062 1259 1192 1324 Ducan-

77 1356 152 1440 gius
186 1356 220 1420 in
252 1355 411 1442 glossario
438 1357 565 1424 mediae
592 1369 623 1424 et
647 1360 704 1425 inf.
727 1358 940 1441 Graecitatis,
977 1359 1032 1446 qui
1064 1379 1106 1422 ex
1127 1358 1192 1422 De·

77 1453 196 1518 metrio
217 1454 307 1520 Zeno
328 1450 495 1540 ῥοπάνια,
526 1479 568 1522 ex
587 1457 717 1545 Agapio
745 1468 777 1523 et
797 1457 952 1544 Myrepso
982 1450 1141 1542 ῥεπάνιον
1162 1470 1194 1524 et

76 1545 218 1638 ῥετιοινίς
244 1551 353 1638 affert,
387 1555 505 1623 deinde
528 1566 640 1622 notum
663 1566 714 1622 est
738 1557 923 1644 raphanum
944 1579 964 1620 a
986 1553 1124 1620 Graecis
1145 1577 1193 1619 re

77 1651 278 1718 rentioribus
300 1647 447 1738 dorr'dvt„
460 1655 495 1720 id
516 1665 565 1720 est
586 1650 753 1737 ῥαντόνιον
770 1657 892 1722 vocari.
936 1653 1035 1742 Apud
1056 1654 1192 1718 Latinos

75 1773 169 1835 vero,
190 1761 365 1841 antequam
385 1755 514 1820 saeculo
538 1757 675 1842 septimo
698 1763 836 1830 excunte
859 1762 1045 1819 constanter
1067 1755 1191 1840 aspira-

75 1861 146 1916 tum
169 1861 219 1916 e'st
241 1852 292 1930 (of.
313 1852 448 1936 Ritschl,
468 1854 680 1922 Monumenta
700 1856 802 1944 epigr.
817 1851 865 1918 111
885 1875 959 1939 pag.
976 1858 1038 1936 27),
1059 1873 1192 1916 necesse

73 1951 137 2016 fuit
157 1973 304 2038 rapanus
327 1951 485 2036 scribere,
513 1954 599 2042 quod
622 1975 719 2040 quam
739 1952 835 2018 facile
855 1953 893 2016 in'
908 1951 1006 2018 radix
1027 1953 1192 2038 corrumpi

78 2052 224 2137 potuerit
256 2049 465 2138 intelligimus
498 2076 539 2118 ex
570 2052 802 2140 interpolatore
828 2050 1035 2116 Dioscoridis
1055 2050 1097 2116 Il.
1123 2056 1191 2134 137,

78 2152 136 2236 qui
160 2148 262 2214 tradit
290 2149 473 2237 raphanum
494 2175 515 2217 a
532 2151 688 2218 Romanis
712 2154 809 2218 etiam
840 2151 985 2217 radicem
1011 2159 1191 2215 nostratem

77 2240 195 2331 (ῥόδιξ
215 2249 363 2333 νοστρός)
382 2261 532 2318 vocatam
553 2274 640 2335 esse,
662 2251 748 2318 unde
770 2253 848 2317 satis
873 2260 1014 2338 apparet
1039 2248 1164 2333 „radix
1172 2249 1192 2284 “

75 2357 191 2413 nostro
212 2347 283 2414 loco
303 2371 365 2438 pro
386 2351 675 2437 interpretamento
698 2351 776 2416 addi
798 2352 951 2439 potuisse.
1271 2425 1272 2429 ρ

137 2447 214 2514 VH.
258 2447 402 2515 Galenus
441 2449 482 2514 de
518 2451 677 2516 facultatt.
714 2450 867 2516 elimentt.
905 2471 980 2537 pag.
1014 2453 1069 2516 541
1110 2446 1191 2513 haec

73 2547 226 2614 adnotat:
249 2543 334 2634 „alp-v
354 2543 496 2632 ὑστάτην
518 2547 682 2635 συλλαβὴν
702 2553 762 2613 τοῦ
783 2552 850 2613 τῶν
872 2541 1003 2634 ἀράντων
1024 2538 1191 2628 ὀνόματος

72 2644 132 2710 διὰ
160 2647 221 2709 τοῦ
249 2669 269 2709 κ
297 2643 522 2734 γεγραμμένην
549 2642 742 2731 εὑρίσκομεν
773 2645 809 2712 ἐν
834 2649 909 2725 ταῖς
932 2638 1192 2733 Ἀριστοφάνους

68 2739 271 2817 Ὁλκάσιν..
288 2792 332 2824 ..,
361 2739 439 2829 παρ’
468 2741 549 2832 ἡμῖν
577 2742 614 2811 dd
635 2739 752 2830 όγριόν
780 2771 813 2812 τι
834 2744 890 2812 καὶ
911 2740 1114 2831 στρογγύλον
1134 2741 1191 2808 καὶ

71 2841 233 2931 σκληρὸν,
268 2837 391 2931 ὀρόβου
417 2841 629 2933 μικρότερον,
660 2843 695 2910 ἐν
720 2849 793 2924 τοῖς
816 2839 1022 2933 Δημητρίοις
1047 2844 1192 2926 καρποῖς

73 2939 311 3030 εὑρισκόμενον
332 2938 555 3028 ὀνομάζουσιν
584 2938 710 3029 ἶν’ροιχον
733 2938 772 3010 οὗ
803 2944 860 3009 διὰ
890 2948 949 3008 τοῦ
971 2969 991 3008 κ
1011 2940 1070 3030 τὴν
1093 2938 1191 3022 ἐσχά-

71 3067 131 3132 την
150 3041 336 3132 συλλαβὴν,
371 3039 458 3109 ἀλλὰ
482 3041 540 3109 διὰ
560 3051 615 3110 τοῦ
634 3067 654 3125 χ
671 3039 923 3131 φθεγγόμενοικ
950 3067 979 3110 κ.
1000 3066 1024 3107 τ.
1049 3041 1095 3119 d,
1126 3063 1190 3130 quo

72 3147 108 3210 in
139 3144 212 3210 loco
246 3144 569 3211 animadvertendum
603 3154 655 3210 est
683 3143 857 3227 Galenum,
900 3164 1096 3231 quamquam
1131 3163 1191 3206 sua
1224 3151 1228 3158 ’

73 3253 183 3312 aetate
213 3245 247 3307 in
273 3243 336 3309 hoc
362 3243 521 3310 vocabulo
552 3245 733 3332 aspiratum
763 3265 835 3310 esse
861 3243 1041 3309 luculenter
1068 3249 1198 3324 narret,

76 3353 190 3410 tamen
224 3343 422 3430 antiquiores
458 3346 635 3432 scriptores
672 3353 817 3410 secutum
848 3352 1032 3409 constanter
1064 3331 1191 3424 όρακοτ

74 3442 237 3526 scribere,
268 3441 531 3530 Theophrastum
565 3467 644 3510 vero
676 3446 710 3509 in
740 3441 900 3509 vocabulo
934 3441 1010 3506 inde
1043 3441 1190 3507 derivato

73 3533 240 3627 ἆράχιόνα
269 3541 321 3618 (cf.
342 3540 417 3608 hist.
439 3541 482 3629 pl.
505 3544 528 3610 I.
554 3551 581 3609 1.
603 3549 622 3608 7
645 3552 677 3610 ct
700 3549 746 3612 16.
770 3548 820 3619 12)
851 3552 882 3608 et
910 3550 1076 3606 auctorem
1103 3539 1191 3606 tituli

74 3646 158 3708 5149
180 3639 216 3706 O.
239 3639 263 3706 Ι.
287 3639 361 3724 Gn,
383 3641 440 3706 ubi
455 3633 595 3724 Ἆραχος
616 3642 749 3728 legitur,
772 3641 858 3729 quod
879 3663 995 3706 nomen
1018 3647 1105 3703 certe
1125 3660 1191 3702 non

75 3741 243 3806 diversum
263 3748 312 3804 est
333 3740 375 3805 ab
388 3731 531 3821 ’Ἀρσικος
549 3739 639 3826 apud
654 3740 874 3823 Plutarchum,
897 3738 1091 3820 Diodorum,
1105 3735 1190 3802 Pau-

77 3843 215 3923 saniam,
236 3838 498 3928 Xenophontem,
519 3841 712 3928 aspirationi
733 3840 861 3927 vulgari
883 3841 948 3906 iam
971 3837 1116 3902 cessisse.

138 3939 230 4006 VIlL
252 3937 445 4008 Eustathius
468 3939 511 4004 ad
524 3939 560 4006 ll.
583 3962 659 4028 pag.
673 3944 742 4005 941.
763 3945 819 4008 23:
841 3987 860 4022 „
869 3933 1021 4022 ποιητικὴ
1046 3931 1083 4000 δὲ
1103 3931 1191 4016 λέξις

73 4036 112 4104 τὸ
136 4031 347 4124 ἐρεικόμενος
368 4035 425 4102 καὶ
446 4035 483 4102 τὸ
500 4029 601 4100 αὐτοῦ
616 4033 709 4118 θέμα
724 4035 763 4102 τὸ
779 4031 905 4120 ἐρείκοι,
928 4032 965 4115 ἐξ
978 4023 1022 4101 οὗ
1038 4031 1142 4121 φυτόν
1155 4058 1191 4100 τε

75 4134 193 4226 ἐρείκη,
210 4126 231 4202 li
247 4130 632 4225 τεοραφθεόροντες
652 4131 690 4202 οἳ
714 4135 881 4216 γοόσιῖοι
900 4130 1025 4228 ι’ρείγην
1036 4130 1189 4223 porteto.
