3008 4968
847 463 906 522 174

772 544 981 555 ---—----

319 628 448 699 οθνεκο.
470 636 554 702 Χοο.
576 643 657 721 2,19
678 630 1004 728 1οένοκεν.Τ111οοςο.
1026 649 1086 712 780
1103 626 1249 709 δέδωκά.
1273 651 1332 712 777
1345 635 1441 732 ἦρος..

319 741 378 802 205
400 732 495 819 χρέος
516 747 574 802 etc.
619 737 725 818 Quam
747 740 854 804 aliena
875 741 971 805 fuerit
992 741 1118 828 plenior
1140 742 1248 806 εἵνεκα
1264 745 1366 810 forma
1386 747 1420 810 ab

317 835 428 900 Attica
449 836 598 920 dialecto,
621 840 742 924 optime
764 841 990 925 cognoscimus
1019 864 1060 905 ex
1084 841 1148 908 Sol.
1170 852 1211 908 tr.
1240 849 1298 928 37,
1325 852 1343 910 5
1366 847 1422 906 τῶν
1499 919 1500 930 2

319 953 439 1000 οονεκ.

399 1035 438 1098 ln
460 1033 533 1098 aliis
554 1057 633 1100 vero
655 1037 811 1120 vocibus,
841 1037 898 1102 ubi
930 1061 994 1103 non
1025 1039 1127 1104 solum
1145 1040 1340 1122 Homerica,
1371 1039 1421 1104 sed

319 1135 415 1196 etiam
434 1132 546 1198 Attica
566 1133 679 1220 lingua
700 1135 878 1223 pleniorem
900 1137 1037 1202 formam
1060 1138 1202 1224 praebet,
1224 1139 1276 1203 vel
1292 1141 1353 1226 ipsi
1368 1139 1421 1203 ele·

317 1232 413 1316 giaci,
435 1233 490 1318 qui
513 1233 625 1319 stirpis
646 1235 778 1300 Ionicae
800 1245 887 1310 sunt,
909 1238 1145 1302 consentientes
1168 1261 1241 1302 curn
1262 1238 1417 1325 populeri-
1499 1233 1500 1236 ¹

317 1331 378 1394 bus
400 1331 467 1394 suis
490 1340 521 1394 et
542 1331 688 1398 Doribus
705 1336 744 1412 ¹²)
767 1335 918 1399 breviore
939 1334 1045 1400 forme
1066 1346 1212 1414 utuntur,
1246 1338 1375 1402 adducti
1393 1347 1423 1400 ut
1499 1417 1500 1420 Ἴ

317 1428 446 1494 videtur
470 1450 613 1496 consona
634 1432 758 1519 duplici
781 1435 944 1520 sequentis
968 1435 1124 1521 syllabae.

400 1527 480 1593 Eius
503 1533 631 1614 generis
654 1539 729 1596 sunt
748 1532 844 1596 haec:

400 1622 592 1709 κρέσσων,
609 1630 696 1716 quod
710 1653 752 1694 ex
768 1631 905 1710 iperjror
921 1633 960 1708 13)
971 1643 1083 1697 natum
1099 1641 1148 1696 est
1163 1635 1338 1719 epenthesi,
1349 1657 1423 1722 quae
1499 1629 1500 1640 ’

320 1729 354 1792 in
376 1725 535 1808 κρείσσων
550 1731 756 1815 conspicitur,
777 1750 842 1795 non
854 1729 1016 1794 adhibita:
1038 1731 1231 1818 Phocylidis
1248 1742 1275 1810 5,
1292 1740 1311 1800 2
1326 1735 1424 1809 (Dion.

319 1827 436 1913 Chrys.
457 1825 562 1903 MAv,
597 1827 654 1894 rel.
686 1833 864 1910 κρείσσων).
907 1829 1008 1916 Hipp.
1042 1840 1115 1896 tetr.
1148 1837 1187 1897 79
1217 1831 1286 1906 (ubi
1317 1832 1424 1896 Strabo
1499 1847 1500 1850 ’

317 1923 454 2007 κρέσσον
469 1929 620 2005 servavit,
635 1937 748 1992 contra
761 1929 860 2013 Diog.
876 1928 994 2007 Laert.‚
1012 1929 1150 1994 Eudoa:
1165 1931 1328 2012 κρεῖσσον,
1342 1930 1422 1995 Suid.
1499 1917 1500 1944 ³

317 2019 480 2108 κρείσσων,
493 2025 608 2104 (altero
623 2027 645 2090 1.
660 2027 688 2090 Β
703 2028 877 2111 κρεῖσσον),
898 2026 1161 2092 Schneidewinus
1189 2039 1278 2094 recte
1291 2025 1423 2112 κρέσσων
1499 2047 1500 2050 ’

316 2128 478 2206 restituit).
497 2126 603 2190 Anan.
625 2133 664 2190 tr.
687 2131 722 2202 3,
744 2131 782 2192 3:
804 2121 930 2206 κρέσσω
963 2125 1090 2204 (Athen.
1121 2135 1153 2191 et
1174 2129 1264 2215 apud
1287 2129 1374 2194 Stob.
1392 2128 1424 2204 Β,
1499 2117 1500 2138 ’

318 2225 375 2290 sed
397 2225 429 2289 A
444 2225 602 2307 κρεῖσσον,
623 2225 720 2288 Vind.
731 2235 767 2288 ut
788 2225 885 2310 vulgo
907 2217 1069 2306 κρείσσω).
1114 2227 1260 2313 Theogn.
1282 2231 1422 2297 210018.
1499 2213 1500 2252 ³

316 2331 387 2392 631.
402 2329 473 2401 996,
492 2324 578 2390 unde
599 2319 827 2410 corrigendum
849 2333 898 2388 est
921 2328 998 2390 1173
1019 2332 1063 2404 (et
1085 2331 1176 2404 1074)
1197 2337 1229 2391 et
1499 2413 1500 2416 Ἴ

309 2497 311 2502 ,
398 2417 640 2507 μέζωνροοᾶ
667 2432 847 2506 crecy-joir
868 2433 981 2488 natum
1003 2434 1065 2488 est:
1092 2425 1236 2511 Theogn.
1265 2433 1334 2496 338.
1361 2429 1422 2504 517,
1499 2427 1500 2449 ³

318 2522 433 2608 quibus
454 2521 535 2586 locis
556 2544 668 2588 omnes
692 2522 787 2588 codd.
807 2523 890 2588 falso
913 2543 944 2585 ec
964 2523 1126 2589 exhibent

400 2619 515 2685 Paullo
538 2620 632 2686 aliter
653 2643 706 2686 res
729 2643 800 2686 sese
821 2622 920 2687 habet
939 2625 975 2686 in

400 2714 443 2794 ές
463 2721 722 2806 praepositione3
746 2743 828 2808 quae
850 2744 922 2786 curn
943 2743 985 2786 ex
1007 2715 1093 2796 ἔνι-ς
1112 2731 1190 2786 nata
1204 2722 1246 2785 sit
1260 2724 1307 2799 ¹⁴),
1330 2743 1420 2808 appa·
1499 2713 1500 2752 l

185 2844 190 2853 ·
318 2827 368 2882 ret
382 2819 417 2883 in
438 2810 486 2894 εἰς
498 2819 604 2884 forma
625 2821 782 2905 originem
798 2821 979 2902 accuratius
994 2830 1156 2884 servatam
1171 2843 1252 2884 esse.
1294 2821 1421 2885 Brevior

318 2917 422 2982 forma
445 2920 542 2982 etiam
564 2919 653 3005 apud
674 2919 852 2984 Homerum
875 2919 944 2986 sola
958 2919 1025 2984 fere
1040 2921 1160 2984 usitata
1175 2929 1231 2996 est,
1249 2919 1421 3006 ubicunque

318 3029 454 3082 metrum
486 3041 558 3082 eam
586 3017 736 3082 admittit.
779 3017 929 3083 Eandem
955 3019 1113 3083 rationem
1151 3020 1243 3106 sequi
1279 3019 1421 3083 videntur
1499 3055 1500 3072 1

318 3115 469 3202 elegiaci‘,
490 3119 546 3205 qui
572 3127 645 3182 sunt
665 3117 796 3182 Ionicae
824 3121 940 3203 gentis.
963 3117 1012 3184 Of.
1035 3117 1148 3184 Mimn.
1170 3124 1198 3192 9,
1219 3124 1237 3186 3
1259 3111 1294 3192 ές
1317 3109 1422 3198 δ’έρο-

316 3213 380 3302 τήν,
407 3221 453 3294 12,
476 3222 495 3282 9
517 3217 615 3298 γαῖαν
643 3211 677 3292 ές
696 3209 897 3282 Αἰθιόπων.
919 3225 946 3292 5,
969 3223 987 3282 2
1010 3211 1140 3298 έςορῶν.
1168 3215 1268 3281 Arch.
1298 3216 1337 3282 el.
1357 3223 1388 3291 9,
1407 3219 1441 3278 7·

318 3311 352 3391 ἒς
372 3308 484 3400 ἡμέας.
525 3311 672 3380 Dubium
694 3325 751 3394 est,
773 3337 869 3402 quam
891 3317 1050 3381 rationem
1070 3317 1236 3400 ingressus
1259 3317 1303 3380 sit
1323 3313 1422 3378 Theo-

317 3415 400 3499 gnis.
444 3413 606 3500 Tyrtaeus
623 3425 654 3479 et
671 3415 777 3490 Solon,
799 3415 981 3502 ubicunque
995 3415 1079 3494 licet,
1100 3415 1279 3500 longiorem
1293 3413 1421 3489 formam

260 3517 263 3522 ’
317 3534 438 3599 ponere
459 3512 619 3592 videntur,
641 3514 680 3578 cf.
703 3515 795 3600 Tyrt.
820 3520 899 3590 11,4
921 3505 969 3589 εἰς
989 3506 1187 3595 προμάχους,
1208 3521 1245 3581 10
1261 3504 1310 3588 εἷς
1323 3507 1421 3596 κόρον.

210 3625 235 3654 v
294 3613 384 3678 sol.
407 3618 434 3690 2,
456 3618 534 3689 11,
559 3619 605 3679 1s.
626 3619 655 3690 ο,
676 3619 695 3680 a
719 3624 798 3696 et0.;
829 3623 870 3678 tr.
887 3619 947 3692 ac,
968 3620 1003 3679 c:
1026 3605 1073 3687 εἰς
1106 3609 1369 3689 0101111136,
1393 3611 1422 3673 ¹⁷

317 3703 364 3786 εἷς
386 3705 532 3776 ἕκαστον.
575 3711 674 3797 Apud
693 3711 946 3798 iambographos
967 3713 1094 3776 Ionicos
1109 3711 1143 3774 in
1163 3710 1281 3776 iambis
1302 3709 1422 3776 brevior

349 3947 411 4011 σω)
428 3945 496 3998 aar.
515 3943 551 4014 11,
572 3946 619 3998 rsa
637 3960 677 4014 sq.

370 4029 411 4096 13)
430 4025 552 4083 Grundz.
570 4031 629 4083 610.
715 4102 716 4105 Ἴ

372 4112 413 4179 14)
424 4114 483 4166 ru.
