3056 4968
614 452 672 514 ret

538 533 743 546 ...ῳ-η...-

170 630 355 698 Aristotelis
383 641 490 698 eutem
520 641 627 700 aetate
655 638 737 698 cum'
759 631 825 698 iam
847 628 1026 716 disceptari
1049 635 1199 714 coeptum

91 745 190 814 esset,
225 755 303 798 num
333 733 437 818 poetis
463 733 598 820 tragicis
626 753 703 797 suae
725 729 854 798 dialecti
882 728 963 792 fines
983 726 1142 792 excedere
1162 725 1199 793 li·

90 834 221 914 ceret,.·'’)
250 831 443 917 gravissime
469 831 524 897 ille
552 829 762 917 reprehendit
782 826 1002 916 Ariphradem
1029 825 1199 914 quendam,

89 931 143 1018 qui
161 952 260 996 voces
282 931 392 1018 spicas
414 941 446 996 et
465 931 604 1018 lyricas,
625 940 661 996 ut
682 924 800 1005 σέθεν,
831 920 898 1003 νίν,
932 918 1094 1006 δωμάτων
1115 913 1197 1000 dno,

89 1019 132 1112 „dl
152 1021 263 1104 οὐδεὶς
284 1019 325 1092 dv
347 1022 440 1094 εἴποι
462 1025 498 1094 ἐν
517 1032 557 1118 τῇ
580 1023 745 1113 διαλέκτῳ
765 1033 822 1105 (sc.
840 1017 1003 1112 Ἀιτιιιῇ)“
1024 1026 1058 1090 in
1079 1022 1199 1089 fabulis

88 1129 204 1194 Atticis
233 1129 489 1216 improbaverat.
531 1127 738 1194 Inmiscende
764 1147 835 1192 esse
856 1122 1048 1190 Aristoteles
1068 1123 1197 1199 dccet⁶)

88 1250 159 1292 cnm
181 1229 216 1292 in
232 1230 326 1294 omni
347 1251 467 1314 genere
482 1228 611 1296 dicendi
625 1227 735 1316 paullo
751 1226 886 1292 elatiore
900 1224 1016 1290 tamin
1030 1232 1198 1310 poetarum

89 1326 286 1394 carminibus
313 1327 475 1394 vocabula
495 1330 601 1394 minus
622 1329 743 1392 usitata
770 1325 822 1390 vel
853 1324 1028 1412 peregrine
1047 1356 1085 1368 -
1117 1343 1200 1408 quae

88 1422 197 1502 ξενικὰ
222 1417 372 1506 ὀνόματα
392 1437 512 1494 vocant
531 1426 738 1514 grammatici
752 1455 802 1509 ω,
825 1446 866 1490 ne
890 1423 933 1488 ad
956 1421 1122 1507 uolgarem
1143 1421 1199 1486 hc,

87 1525 208 1590 minum
230 1547 412 1592 sermenem
432 1560 475 1574 -·-
495 1522 586 1606 λέξιν
605 1516 767 1610 ταπεινήν
788 1559 830 1572 -
860 1523 956 1588 nimis
978 1520 1134 1586 accedere
1154 1521 1201 1584 vi·

88 1622 201 1690 deatur
230 1626 352 1708 erati03
387 1647 450 1713 quo
478 1616 652 1707 ὀνομάτων
679 1623 814 1701 ξενικῶν
840 1623 970 1688 nomine
998 1629 1086 1685 recte
1113 1619 1198 1684 idem

87 1746 150 1788 non
163 1724 372 1790 vocabula
392 1747 431 1790 ea
444 1724 666 1791 tantummodo
682 1721 928 1810 comprehendit
943 1743 1026 1807 quae
1040 1721 1075 1788 iu
1087 1719 1200 1806 lingua

87 1821 197 1888 Attica
217 1825 348 1890 omnine
369 1847 434 1890 non
456 1833 598 1903 exstent,
626 1845 740 1888 verum
762 1824 859 1887 etiam
885 1821 1038 1886 formas
1061 1818 1200 1884 vocabu-

86 1919 188 1986 lorum
223 1922 266 1987 ab
292 1923 474 1990 Atticorum
505 1921 738 1990 consuetudine
770 1921 932 1986 diversas:
967 1912 1198 1994 ἐπέκιασιν,

87 2021 176 2084 cuius
198 2021 350 2108 exempla
375 2021 470 2088 affert
490 2016 619 2107 πόληος
643 2042 704 2136 pro
730 2012 877 2093 πόλεως,
913 2010 1116 2103 Πηληιάδεω
1139 2039 1199 2102 pre

86 2113 272 2203 Πηλείδονς
299 2131 330 2186 et
350 2114 574 2208 ὑφαίρεσιν
594 2143 619 2185 s.
642 2111 835 2204 ανιοιιοιιήν,
857 2139 921 2204 qua
941 2139 1039 2182 voces
1061 2116 1200 2181 reddan-

85 2224 138 2281 tur
158 2218 337 2302 breviores,
358 2242 456 2307 quam
475 2220 571 2306 volgo
593 2218 719 2284 soleant
737 2216 948 2304 pronuntiari.

163 2317 238 2384 Iam
271 2341 354 2406 quae
381 2319 423 2384 ad
452 2320 639 2384 universum
666 2317 907 2404 tragoediarum
939 2337 1041 2400 genus
1069 2314 1198 2380 dicendi

86 2423 257 2504 tantopere
282 2417 385 2483 valuit
412 2420 645 2484 sententiarum
669 2419 719 2482 vis
752 2426 784 2481 et
809 2417 973 2501 gravitas,
1003 2437 1041 2480 ea
1070 2414 1113 2479 ad
1135 2416 1197 2480 siu·

86 2514 177 2598 gulos
199 2517 333 2604 'quoque
354 2515 539 2607 fabularum
560 2517 649 2582 locos
669 2517 715 2580 ita
737 2517 891 2602 pertinet,
913 2525 949 2580 ut
971 2523 1002 2580 et
1022 2513 1079 2580 ubi
1101 2514 1197 2579 altius

86 2625 239 2702 assurgat
260 2617 373 2695 oratio,
395 2639 468 2680 eam
489 2617 644 2682 orationis
665 2614 836 2682 elationem
853 2623 1029 2704 sequantur
1043 2617 1198 2700 graviora

86 2713 368 2802 reconditioraque
389 2715 508 2798 verba,
538 2725 571 2780 et
592 2715 635 2780 ad
657 2713 822 2801 singulare
843 2713 1007 2780 interdum
1028 2714 1199 2780 consilium

87 2812 329 2900 exsequendum
358 2824 533 2900 usurpetur
556 2814 730 2901 singularis
754 2814 913 2899 quaedam
943 2837 1008 2878 vox
1031 2823 1062 2879 et
1082 2837 1104 2878 a
1125 2813 1198 2879 reli·
1292 2841 1294 2847 ·

87 2930 149 2994 qua
169 2912 271 2978 totius
291 2910 356 2978 leci
373 2914 481 2998 specie
502 2923 644 2987 remota;
666 2911 936 2999 quemadmodum
958 2915 1062 2978 nostri
1083 2923 1199 2999 poetae

87 3009 322 3098 antiquioribus
349 3033 578 3098 nonnunquam
606 3010 774 3076 vocabulis
802 3019 834 3075 et
860 3011 1076 3077 locutionibus
1105 3035 1199 3078 revo-

87 3108 199 3174 candis
213 3110 376 3195 insignem
390 3109 554 3196 quandam
570 3111 697 3178 efficere
713 3109 843 3176 student
857 3111 1062 3196 gravitatem.
1091 3110 1198 3176 Subti-

88 3202 169 3272 liora
183 3208 284 3294 igitur
295 3209 517 3294 exquisitioris
532 3211 612 3275 artis
627 3210 768 3294 vestigia
779 3208 894 3288 delent,
907 3211 963 3296 qui
971 3209 1198 3274 Atticistarum

88 3307 271 3392 praeceptis
292 3307 428 3372 nimium
451 3307 599 3374 obstricti
626 3331 722 3394 quam
744 3307 1018 3396 simplicissimam
1043 3310 1199 3378 orationis

88 3404 352 3489 aequabilitatem
373 3408 543 3472 restituere
563 3417 728 3474 conantrn.

147 3502 242 3570 Atei
264 3527 415 3592 usquam,
448 3504 510 3571 hac
538 3508 613 3592 ipsa
642 3508 676 3572 in
697 3529 748 3590 re,
778 3529 860 3594 quae
881 3507 924 3572 ad
946 3507 1199 3594 uniuscuiusque

88 3597 225 3690 denique
246 3603 360 3669 redeat
389 3627 520 3672 sensum
546 3616 643 3692 atque
664 3605 852 3687 arbitrium,
866 3648 868 3660 ι
880 3630 1001 3694 magna
1022 3616 1072 3671 est
1092 3607 1199 3671 cautio

87 3719 127 3763 ne
147 3702 379 3788 praeiudicatis
401 3703 491 3769 ducti
512 3706 720 3792 opinionibus
739 3715 884 3772 nostram
906 3707 1016 3794 potius
1034 3707 1069 3772 in
1083 3705 1199 3794 poetae

89 3799 188 3867 verba
207 3802 384 3868 inferamus
398 3805 592 3890 opinionem,
609 3827 707 3894 quam
722 3815 837 3893 poetae
853 3805 1022 3871 eonsilium
1038 3827 1079 3870 ex
1095 3806 1199 3892 ipsius

89 3946 295 3963 *nn—n...-

128 4019 131 4026 “
153 4031 179 4099 a>
198 4031 312 4088 ansus
330 4033 393 4090 Art.
412 4039 485 4105 poet.
504 4051 527 4089 e.
550 4037 591 4091 ιι.

156 4118 183 4180 ι)
200 4111 316 4172 amar.
335 4119 369 4188 a.
388 4119 420 4175 Ρ.
439 4123 480 4176 ιο.
