3088 4966
852 459 914 525 228

328 663 424 727 quam
444 637 540 702 facile
560 640 594 703 in
613 638 677 703 illis
700 661 828 725 quoque
848 639 928 705 loeis
949 639 1140 727 plerumque
1156 638 1335 725 explicetur
1349 661 1433 702 error

329 762 346 802 e
375 738 555 802 litterarum
587 738 855 816 antecedentium
876 739 930 802 vel
962 741 1162 826 sequentium
1194 748 1311 832 natura
1345 743 1387 814 (v.
1409 758 1432 800 o.

328 831 505 923 ,Α’νγίστγγσι,
539 829 718 924 ἀλλήλῃσι,
749 837 910 925 πληγῇσι,
944 832 1152 926 Θρῄσσῃσιν).
1175 873 1216 884 —-
1247 836 1340 916 Quae
1369 859 1434 901 oum

327 937 374 1000 ita
392 939 465 1018 sint,
489 936 635 1001 similiter
652 937 833 1004 indicamus
849 937 1131 1002 determinatione
1152 957 1226 1023 ῃσιν
1248 945 1346 1022 atque
1368 939 1397 1016 §-
1410 941 1435 999 7.

327 1036 543 1100 iudicavimus
575 1036 615 1100 de
636 1031 788 1121 genetivo
818 1031 911 1122 νηόςὲ
942 1046 1055 1124 poetas
1077 1037 1221 1120 tragicos
1250 1037 1285 1098 in
1306 1057 1372 1098 una
1393 1056 1436 1096 re·

327 1137 490 1222 quievisse
511 1136 616 1200 forma
638 1138 819 1223 antiquiore
846 1137 983 1224 ideoque
1003 1137 1170 1221 graviore:
1204 1153 1312 1208 -αισι,
1351 1126 1435 1206 ναός,

327 1236 536 1298 vetustiorem
557 1257 596 1298 ao
615 1257 719 1321 paene
741 1235 960 1300 oblitteratam
980 1255 1046 1322 ιιγοι,
1073 1229 1150 1318 νηός
1170 1233 1354 1308 vitasse.⁹‘-')

408 1335 448 1398 In
462 1333 635 1398 verborum
650 1336 849 1420 optativis
862 1336 1121 1400 terminationem
1144 1353 1238 1396 -ατο
1253 1339 1367 1418 (quam
1379 1353 1440 1394 non

330 1433 372 1497 ad
393 1431 547 1520 loquendi
569 1433 755 1497 facultatem
783 1433 1021 1519 expediendam
1043 1457 1061 1498 e
1082 1453 1173 1494 -ντο
1195 1433 1314 1496 factam
1330 1431 1390 1495 sed
1403 1453 1441 1494 ex

328 1553 426 1596 -αντο
448 1541 557 1595 natam
592 1553 663 1596 esse
692 1555 777 1597 nuno
808 1531 937 1618 quidem
969 1539 1106 1609 constat)
1136 1530 1314 1596 secundum
1342 1529 1441 1594 solam

328 1633 424 1696 metri
439 1630 701 1695 commoditatem
717 1631 868 1696 substitui
881 1654 942 1718 pro
955 1631 1082 1717 volgari
1097 1631 1326 1695 terminatione
1343 1649 1441 1708 -ντο,

329 1731 416 1797 nullo
448 1730 606 1816 singulari
637 1730 772 1795 oonsilio
796 1753 835 1796 ao
855 1734 905 1812 vi,
940 1740 1056 1817 sponte
1085 1753 1126 1794 ex
1149 1729 1306 1813 Aeschyli
1332 1739 1365 1792 et
1387 1726 1443 1792 So-

329 1831 455 1918 phoolis
483 1829 659 1916 exemplis,
690 1831 725 1894 in
753 1831 869 1916 quibus
898 1830 1072 1896 admodum
1106 1851 1211 1915 pauca
1240 1828 1442 1914 aliquantum

330 1930 450 1995 habent
471 1930 625 2016 ponderis
649 1939 680 1993 et
701 1929 878 2014 dignitatis,
902 1929 1090 2016 apparebit:

393 2030 482 2116 Sept.
504 2037 578 2096 552:
601 2019 621 2113 ἦ
642 2021 703 2090 τίὲν
724 2023 892 2103 πανώλεις
912 2029 1094 2111 παγκακῶς
1113 2019 1145 2088 τ’
1170 2019 1355 2093 ὀλοίατο.

388 2131 478 2197 Pers.
502 2135 576 2197 360:
599 2127 736 2212 δρασμῷ
761 2130 911 2214 κρυφαίῳ
933 2121 1048 2207 βίοτον
1067 2122 1385 2204 έκσωοοίατο.93)

390 2230 479 2292 Pers.
501 2235 577 2296 369:
601 2221 646 2303 ὡς
668 2221 698 2290 εὶ
719 2221 825 2310 μόρον
847 2218 1075 2312 φευξοίαθ’
1092 2220 1247 2310 Ἕλληνες
1270 2218 1387 2288 κακόν,

386 2329 476 2392 Pers.
499 2335 577 2394 451:
599 2323 788 2411 φθαρέντες
812 2320 929 2405 ἐχθροί
951 2327 1049 2412 νῆσον
1070 2316 1340 2401 έκσιοζοίατσ.

395 2429 473 2513 Sup.
499 2434 572 2494 754:
594 2419 623 2488 εἰ
645 2421 701 2488 σοί
721 2447 756 2488 τε
777 2421 834 2488 καί
858 2425 991 2488 θεοῖσιν
1013 2415 1303 2506 ἐχθαιροίατο.

394 2526 538 2612 Ohoeph.
561 2530 636 2591 484:
658 2517 871 2602 κτιζοίατ’·
894 2516 924 2586 εἰ
942 2519 977 2586 δέ
991 2517 1047 2609 μή,
1071 2513 1154 2606 παρ’
1172 2513 1366 2598 εὐδείπνοις
1381 2515 1441 2606 ἔσῃ.

392 2626 471 2710 Sup.
494 2630 554 2692 695
577 2629 700 2701 (eant.):
722 2627 852 2704 μοῦσαν
873 2614 1013 2686 θείατ>
1039 2615 1211 2700 eoronam)

400 2724 511 2810 'Soph.
535 2723 603 2789 ΟΒ.
629 2729 723 2790 1274:
756 2713 952 2808 dspoiod',
987 2711 1046 2796 οίίς
1069 2713 1100 2784 d'
1127 2714 1253 2806 ἔχρῃζεν
1276 2712 1314 2782 οὗ
1347 2741 1441 2803 γνω-

328 2818 528 2902 οοίατοέίῧ)

389 2925 441 2990 Ai.
459 2930 533 2994 842:
556 2919 640 3002 πρὸς
660 2925 725 2984 τῶν
747 2919 906 3008 φιλίστων
928 2913 1070 3002 ἐκγόνων
1092 2911 1274 2982 ὀλοίατο.

391 3022 459 3088 ΘΟ.
483 3029 538 3089 44τ
559 3013 632 3084 ἀλλ’
657 3019 736 3106 ἵλεῳ
757 3017 818 3100 μέν
838 3017 896 3085 τὸν
917 3012 1025 3103 ἱκέτην
1048 3011 1165 3096 dagal
1173 3037 1254 3082 ατο.

389 3122 456 3189 ΟΟ.
479 3129 556 3190 945:
573 3113 741 3203 κίίναγνον
763 3112 801 3182 οὗ
825 3112 1004 3197 ὄεξοίατ’
1030 3110 1106 3182 orid'
1130 3113 1195 3201 ὅτῳ
1218 3109 1321 3198 γάμοι
1345 3127 1398 3182 ott.

389 3221 458 3287 OC.
479 3227 554 3288 602:
577 3222 649 3296 πῶς
670 3213 748 3304 δῆτά
764 3211 797 3282 o’
816 3211 857 3281 ἂν
869 3209 1118 3304 πεμψαίαθ’,
1135 3208 1213 3293 ὦρτ’
1230 3207 1336 3278 οἰκεῖν
1351 3210 1441 3293 δίχα,

389 3319 457 3386 ΟΟ.
481 3325 555 3385 921:
578 3311 653 3382 οὐδ>
678 3310 720 3380 dv
741 3309 773 3381 o'
799 3312 1021 3393 ἐπαινέσειαν,
1045 3309 1075 3380 εἰ
1096 3308 1319 3381 πιθοίατο.

388 3418 439 3484 El.
461 3425 535 3484 211:
558 3424 667 3494 (eant.)
688 3412 773 3502 μηδέ
796 3409 875 3480 ποτ’
900 3408 1044 3500 ἀγλαίας
1067 3407 1310 3480 ἀποναίατο.

328 3557 534 3564 ——-—·..-.—-.-.

379 3637 424 3701 92)
446 3633 488 3689 Νο
506 3633 567 3702 quis
585 3632 744 3686 etiamnunc
755 3631 912 3684 Atticorum
932 3645 1009 3684 αισιν
1027 3645 1060 3682 ex
1079 3627 1177 3682 Ionum
1196 3641 1260 3700 ῃσιν
1276 3632 1369 3682 ortum
1385 3639 1439 3680 esse

329 3718 464 3773 existimet
473 3717 518 3770 vel
530 3735 594 3790 γσιν
607 3733 640 3770 ex
654 3731 743 3770 αισινι
756 3719 904 3784 utrumque
915 3713 1070 3784 profectum
1081 3717 1123 3766 est
1135 3713 1172 3767 ab
1185 3711 1343 3782 antiquiore
1356 3709 1439 3766 forma

328 3809 395 3868 ἄισι,
416 3801 532 3856 alterum
551 3803 678 3869 correpta
695 3799 784 3854 vocali
803 3805 830 3868 ᾶ,
848 3799 966 3852 alterum
984 3801 1092 3850 mutata
1109 3797 1139 3850 in
1157 3818 1180 3863 η.

382 3889 424 3953 93)
440 3884 487 3946 Sic
499 3889 574 3940 reeta
591 3882 779 3954 Blomfieldius
797 3900 849 3954 pro
867 3883 1048 3936 ἐκσωσοίατο.

379 3971 423 4036 94)
440 3969 590 4040 Ingeniosa
606 3969 760 4022 Hermanni
777 3968 937 4022 coniectura
953 3982 1004 4036 prs
1024 3970 1094 4018 θεαί
1110 3964 1148 4016 τ’.

379 4053 422 4117 95)
440 4052 598 4106 inauditam
617 4052 741 4106 codicum
766 4051 929 4122 scripturam
948 4051 1071 4119 ὀψαίαισ
1088 4046 1213 4100 excusari
1233 4045 1293 4100 irae
1312 4042 1437 4100 excande-

328 4135 435 4189 scentia
452 4136 489 4190 M:
508 4136 649 4192 Seiffertns
666 4135 732 4190 mihi
749 4152 806 4190 non
822 4133 960 4206 probabit.
