3056 4968
789 431 792 438 Ι
872 485 931 550 124

312 686 316 698 ·
425 665 455 736 c)
482 655 679 737 Πλάτθιον,
712 685 828 730 nomen
855 662 1015 730 muliebre
1041 667 1074 730 in
1097 667 1311 752 inscriptione
1331 667 1448 732 Dorica

341 778 363 820 a
389 757 561 826 Benselero
589 762 709 828 inlex.
738 764 855 830 nomin.
883 784 995 849 propr.
1025 762 1140 830 Graec.
1172 766 1341 852 aptissime
1368 789 1446 831 com·

342 867 477 942 paretur
500 881 573 926 oum
595 855 790 948 Πλαθαίιη,
814 858 1018 938 illaborate,
1045 857 1226 948 Πλαθάνη,
1252 864 1417 931 similibus

403 955 531 1022 Deinde
554 959 708 1026 nonnulla
729 961 889 1028 vocabula
910 972 1057 1044 exstant,
1087 965 1120 1027 in
1137 963 1269 1051 'quibus
1297 987 1362 1029 non
1381 965 1448 1050 ipsa

343 1057 505 1143 scriptura
528 1059 586 1124 sed
607 1069 744 1128 metrum
759 1070 896 1126 testatur
912 1063 1072 1147 aspiratos
1093 1061 1232 1148 duplicis
1247 1063 1449 1128 consonantis

343 1155 409 1219 vim
430 1155 598 1222 babuisse:

412 1261 436 1322 1.
474 1245 555 1341 ὄφις
587 1257 748 1322 interdum
786 1258 975 1324 trochaeum
1010 1259 1124 1326 efficit:
1161 1259 1199 1324 of.
1231 1258 1268 1328 Il.
1305 1265 1352 1326 12.
1385 1265 1449 1339 tot,

341 1351 541 1440 Hipponact.
573 1357 612 1422 fr.
635 1362 674 1424 49
702 1355 763 1434 (ed.
794 1357 934 1445 Bergk):
965 1349 1029 1444 „liv
1057 1351 1157 1422 αὐτὸν
1179 1349 1260 1444 ὄφις
1279 1349 1451 1442 concert-

340 1473 417 1532 μιον
443 1446 586 1541 δᾶκνῃ,“
617 1453 799 1520 Antimach.
834 1457 921 1544 apud
949 1456 1046 1522 schol.
1072 1459 1106 1524 in
1134 1455 1300 1543 Aristoph.
1328 1456 1450 1520 Plutum

342 1574 373 1616 v.
390 1557 464 1622 718:
486 1547 616 1639 „Trjvoo
639 1545 672 1616 τ’
691 1545 929 1642 ὀφιοὲσσης...,
951 1556 1038 1644 quod
1059 1565 1108 1620 est
1123 1555 1306 1622 hexametri
1320 1557 1451 1620 initium.

406 1657 435 1718 2.
460 1646 581 1736 βρόχος
600 1653 772 1720 trochaeus
794 1665 844 1720 est
865 1655 954 1742 apud
976 1655 1121 1740 Theogu.
1143 1679 1173 1720 v.
1200 1659 1287 1722 1099.

405 1757 434 1818 3.
462 1745 621 1838 orpora)
656 1753 820 1820 trochaice
848 1754 1019 1840 legendum
1047 1763 1096 1818 est
1128 1752 1216 1840 apud
1244 1751 1346 1818 Arist.
1368 1750 1451 1815 Eccl.

341 1872 373 1918 v.
409 1857 490 1940 571;
521 1852 606 1934 „rev
642 1848 681 1939 δὴ
715 1851 767 1916 δεῖ
800 1873 838 1918 σι
870 1849 995 1938 πυκνὴν
1032 1847 1137 1936 φρένα
1173 1847 1230 1914 καὶ
1263 1843 1452 1936 φιλόσοφοι

344 1941 510 2032 ἒγιίρειν.“

403 2054 432 2116 4.
463 2043 612 2135 Ζεφυρίη
635 2049 861 2116 choriambum
885 2050 983 2116 efficit
1011 2051 1044 2114 in
1071 2051 1162 2114 initio
1189 2049 1372 2114 hexametri
1395 2046 1451 2112 od,

344 2156 372 2214 7.
398 2153 464 2214 119.

406 2253 434 2312 5.
456 2241 660 2332 πιφαύσκειν
682 2250 814 2335 saepius
836 2247 995 2336 syllabam
1015 2246 1297 2334 reduplicativam,
1321 2246 1451 2333 quaein

345 2347 418 2412 aliis
447 2346 557 2414 verbis
585 2353 732 2434 (excepto
759 2345 961 2433 ὲῒσυφος41)
990 2367 1117 2434 semper
1144 2346 1255 2410 brevis
1287 2354 1351 2426 est,
1384 2365 1450 2430 pro·

345 2446 449 2512 ducit:
481 2449 522 2512 of.
552 2447 702 2512 Passovii
729 2446 793 2512 lex.
822 2470 845 2512 s.
874 2470 905 2511 v.
949 2446 1099 2512 Ceterum
1127 2445 1178 2510 his
1204 2443 1364 2530 exemplis
1391 2443 1450 2506 Ho-

346 2545 475 2610 mericis
497 2568 562 2610 non
584 2545 719 2610 multum
739 2545 857 2628 tribuo,
881 2547 1036 2632 quoniam
1058 2546 1189 2630 saepius
1206 2543 1367 2608 eiusmodi
1386 2565 1452 2630 pro

346 2642 514 2708 ductiones
538 2646 634 2708 etiam
655 2654 729 2711 ante
750 2645 830 2710 alias
851 2667 1011 2710 consonas
1027 2642 1115 2732 apud
1129 2643 1225 2708 Hom.
1243 2643 1450 2729 reperiuntur.

348 2743 421 2808 Hoc
446 2752 571 2806 tantum
593 2743 777 2828 significare
804 2743 878 2808 volo
906 2745 939 2807 in
966 2742 1086 2807 talibus
1114 2740 1282 2808 vocabulis
1310 2739 1451 2828 legendis

347 2841 435 2908 illam
458 2843 677 2928 aspiraterum
700 2844 1012 2928 pronuntiationem,
1041 2862 1138 2928 quem
1160 2839 1316 2927 probavi,
1343 2839 1449 2906 verisi-

346 2940 455 3006 milem
477 2964 556 3007 esse.
1302 2951 1305 2958 '

405 3048 437 3110 6.
459 3035 670 3128 κικρύφαλος
690 3040 785 3106 modo
807 3039 938 3125 longum
959 3038 1055 3104 modo
1076 3038 1175 3103 breve
1196 3060 1215 3100 v
1237 3037 1345 3104 habet.

388 3141 627 3208 *Confirmatur
649 3149 756 3204 autem
777 3161 850 3204 mea
872 3139 916 3224 de
927 3141 1145 3226 aspiraturum
1161 3137 1364 3204 Graecarum
1385 3157 1449 3222 pro-

222 3253 224 3256 ’
347 3242 549 3304 nuntiatione
572 3241 729 3306 sententia
750 3241 847 3305 etiam
868 3238 1029 3302 nonnullis
1052 3235 1332 3303 observationibus
1355 3257 1450 3320 grom-

349 3341 485 3420 matteis,
513 3361 614 3426 quae,
646 3341 673 3404 si
695 3338 830 3406 alteram
851 3340 1013 3420 rationem¹
1031 3359 1183 3424 sequare,
1214 3335 1375 3422 explicari
1400 3334 1450 3398 vix

348 3449 491 3526 possunt.

431 3542 462 3613 a)
488 3537 558 3626 Iam
580 3538 811 3624 antiquissimis
834 3535 1033 3623 temporibus
1055 3538 1083 3598 9
1104 3533 1362 3627 αριιᾶΙιιιοοιιιε
1383 3533 1414 3596 in
1433 3548 1449 3590 σ

347 3636 484 3702 transiit.
520 3636 600 3701 Inde
615 3636 780 3718 concludo,
803 3645 974 3722 antequam
994 3654 1014 3697 σ
1035 3637 1185 3716 evaserit,
1207 3642 1264 3698 aut
1279 3633 1449 3698 affricetam

347 3744 401 3800 aut
423 3737 600 3821 spirantem
620 3744 715 3822 (quae
731 3735 859 3820 quidem
876 3734 1065 3821 plerumque
1082 3756 1124 3798 ex
1140 3733 1289 3802 affricata
1303 3731 1448 3804 nascitur)

303 3844 306 3852 '
347 3834 491 3898 auditam
513 3857 592 3900 esse.

295 4029 297 4032 v
396 4073 439 4136 41)
458 4067 502 4124 Of.
522 4067 598 4140 quob
616 4077 701 4138 supro
719 4063 754 4118 do
771 4065 875 4120 formae
892 4063 1009 4136 Zenoni
1027 4063 1133 4136 origine
1150 4061 1276 4118 diximus

399 4154 440 4220 45)
462 4149 504 4206 Cf.
521 4156 615 4206 tamen
634 4151 717 4206 ctiam
734 4149 855 4220 Herycb.
873 4165 895 4206 s.
914 4167 940 4204 v.
960 4153 1103 4220 „atropos
1121 4149 1304 4219 uovotprocl‘
