3088 4966
575 455 782 543 -26-5--

204 629 408 694 Postremum
431 632 714 716 patronymica
735 631 768 694 in
788 627 872 714 -δης
893 629 1076 714 genetivum
1099 627 1234 716 pluralis

114 729 151 794 in
175 730 366 816 systematis
388 731 604 816 anapaesticis
628 729 748 794 habent
768 729 941 794 Doricum:

156 819 372 910 Ἀτρειδᾶν
408 827 470 915 Ag.
502 837 551 898 44.
581 829 620 896 fr.
661 827 760 915 Soph.
795 834 863 896 765.
912 824 1235 890 Πλεισθενιδὰν

114 925 181 1012 Ag.
211 931 299 992 1569.
340 918 604 1008 Ἐρεχθειδᾶν
624 927 675 994 Ai.
699 933 768 995 202.

205 1025 300 1090 Haec
320 1026 420 1111 igitur
443 1037 530 1098 certe
551 1028 737 1114 anapaestis
760 1023 972 1113 relinquenda
994 1033 1084 1100 sunt3
1106 1025 1234 1091 dubita·

113 1123 243 1188 tionem
265 1146 343 1189 vero
372 1125 451 1190 mihi
473 1149 599 1214 quoquc
631 1134 761 1190 movent
783 1117 924 1207 ἀρωγάν
943 1124 1005 1210 Ag.
1028 1129 1084 1208 47,
1115 1125 1172 1190 ubi
1201 1125 1235 1190 in

114 1223 189 1289 cod.
214 1223 259 1288 M.
292 1223 335 1288 ad
360 1223 506 1289 ultimam
526 1225 672 1291 vocalem
706 1247 727 1286 α
758 1247 858 1311 supra
893 1223 1095 1312 adscriptum
1129 1233 1179 1289 est
1199 1248 1234 1308 'li

115 1317 219 1408 ἀτίτᾳ
242 1321 322 1387 ibid.
346 1329 394 1406 72,
416 1324 501 1411 quod
521 1323 609 1390 nulla
630 1325 739 1389 littera
762 1331 887 1388 mutata
908 1322 1021 1402 melius
1043 1323 1234 1389 Dindorfius

114 1421 255 1508 scripsit
284 1411 414 1498 ἄτίταις
446 1415 553 1506 ἀγανά
585 1423 663 1488 ibid.
689 1428 757 1488 101.
790 1424 824 1486 in
850 1421 923 1487 loco
953 1422 1127 1488 admodum
1149 1446 1235 1488 men·
1308 1475 1310 1482 .

114 1521 220 1610 dosoj
245 1515 360 1603 γέννας
380 1520 457 1586 ibid.
484 1529 572 1602 1477,
592 1546 651 1612 pro
676 1545 738 1610 quo
760 1521 841 1586 Van.
858 1531 889 1585 et
911 1521 998 1586 Flor.
1021 1521 1142 1586 habent
1164 1517 1236 1604 γέν-

114 1642 189 1706 νης;
227 1613 369 1704 &perolas
396 1619 447 1685 Αἰ.
469 1625 544 1703 208,
578 1621 665 1709 quod
694 1621 777 1686 bene
801 1620 1010 1686 Thiersahius
1043 1623 1235 1686 commutari

113 1720 215 1784 iussit
248 1741 319 1784 cum
352 1710 504 1804 ἠρεμίας,
537 1721 702 1801 στεροπᾶς
731 1719 810 1785 ibid.
834 1725 919 1803 257.,
955 1741 1038 1808 quae
1064 1720 1169 1786 forma
1199 1720 1234 1784 il·

113 1817 186 1883 lata
212 1819 342 1884 videtur
370 1827 506 1908 propter
535 1817 793 1884 similitudinem
805 1819 950 1904 genetivi
979 1819 1034 1906 qui
1057 1819 1235 1886 antecedit:

116 1914 290 1998 λαμπρᾶς.

203 2017 376 2102 Pergimus
411 2015 454 2080 ad
482 2015 690 2091 diverbia3
720 2015 755 2080 in
782 2015 899 2099 quibus
933 2015 1014 2082 haec
1046 2039 1235 2082 commemo-

117 2115 230 2181 randa
250 2126 337 2179 sunt:
870 2123 875 2132 ·

158 2215 313 2280 Minerva
335 2213 423 2301 apud
448 2222 560 2299 poetas
583 2213 725 2298 tragicos
741 2211 923 2300 ¹dupliciter
945 2215 1146 2278 nominatur:
1180 2223 1237 2278 aut

134 2305 363 2396 Ἀθηναία,
388 2323 422 2377 ut
444 2313 537 2378 Eum.
561 2315 630 2381 288.
653 2317 721 2378 299.
744 2319 823 2394 614,
846 2321 902 2378 aut

156 2407 334 2489 Ἀθάνα,
364 2433 527 2500 nunquam
548 2403 770 2497 Ἀθηννᾶ.113)
814 2410 913 2476 Cuius
942 2412 991 2476 rei
1012 2433 1170 2498 quaenam
1193 2413 1235 2476 sit

117 2538 238 2580 caussa
260 2537 299 2578 ac
313 2513 406 2594 ratio,
429 2510 580 2576 facillime
603 2509 794 2598 explicatur,
818 2512 846 2574 si
868 2533 947 2576 vera
969 2520 1043 2578 sunt
1062 2533 1146 2600 quae
1170 2511 1235 2576 dis·

116 2615 308 2700 putavimus
331 2615 359 2694 §.
375 2617 402 2677 6.
431 2610 516 2674 Ante
530 2609 701 2675 Euclidem
725 2608 848 2679 scilicet
870 2610 1057 2676 archontem
1080 2613 1108 2676 si
1130 2611 1234 2676 forma

117 2722 288 2779 contracta
314 2703 441 2795 Ἀθηνᾶ
475 2712 603 2775 omnino
639 2709 782 2776 nondum
812 2719 882 2776 erat
914 2709 967 2776 vel
999 2719 1085 2776 certe
1119 2712 1154 2778 in
1185 2709 1235 2776 lit-

116 2820 267 2878 terarum
287 2833 381 2876 usum
412 2809 555 2874 nondum
587 2807 705 2884 relata,
736 2809 844 2874 facere
875 2817 991 2896 poetae
1026 2811 1143 2894 tragici
1171 2832 1236 2874 non

117 2920 272 2998 poterant
294 2911 372 2996 quin
394 2918 450 2974 aut
471 2929 588 2974 nomen
609 2917 679 2972 tum
693 2907 847 2972 usitatum
862 2918 1059 2996 usurparent
1070 2901 1235 2994 Ἀθηναία

117 3021 175 3076 aut
205 3011 345 3076 formam
368 3009 539 3090 Doricam,
572 3028 637 3093 qua
665 3007 734 3070 sine
767 3005 865 3074 dubio
899 3008 932 3072 in
964 3009 1011 3074 eis
1033 3007 1234 3073 carminibus

117 3109 237 3197 quibus
261 3107 323 3172 dea
344 3110 378 3172 in
399 3105 593 3194 templorum
616 3106 814 3172 caerimonia
836 3106 1015 3200 colilsolita
1039 3116 1127 3190 erat,
1155 3129 1234 3171 sem·

120 3230 180 3294 per
201 3206 449 3284 utebantur.¹⁹⁴)
933 3271 935 3282 ⁴
969 3293 971 3298 Α

203 3306 343 3372 Prorsus
365 3306 452 3372 idem
474 3301 562 3368 cadit
583 3303 616 3370 in
631 3301 792 3388 Apollinis
814 3327 930 3369 nomen
952 3297 1155 3386 ἓβδομαγέ
1163 3325 1234 3378 τας

119 3403 210 3492 Sept.
221 3410 298 3487 8003
314 3407 369 3484 ¹⁹⁵)
391 3404 571 3490 legitimum
594 3403 745 3466 nimirum
768 3405 854 3468 etin
877 3403 1010 3468 deorum
1026 3403 1112 3468 cultu
1129 3403 1232 3468 solum

119 3505 277 3568 usitatum
297 3526 414 3570 nomen
427 3525 476 3566 ¹ne
494 3503 532 3566 'in
554 3499 712 3566 diverbiis
733 3502 864 3588 quidem
878 3505 1070 3570 commutari
1086 3502 1234 3568 debebat.

173 3706 230 3772 193)
249 3703 313 3760 Uno
329 3702 359 3758 in
376 3701 451 3770 loco,
469 3699 540 3756 Phil.
562 3704 632 3770 134,
658 3702 687 3756 in
705 3701 782 3758 libris
800 3705 842 3756 cst
857 3703 972 3770 Ἀθηνᾶ,
998 3703 1047 3758 sed
1064 3702 1139 3776 apud
1157 3701 1234 3758 Eust.

119 3803 147 3856 p.
170 3789 227 3855 rsa,
245 3791 278 3840 44
289 3782 403 3841 naara.

114 3903 117 3912 ·
176 3872 233 3938 194)
261 3869 307 3924 Sic
334 3869 417 3922 etiam
437 3867 607 3939 Δάματερ
634 3867 775 3938 Aristoph.
804 3868 877 3923 Plut.
897 3873 955 3924 555.
981 3871 1040 3925 812.
1069 3867 1233 3940 explicatur.

121 3951 146 4006 Ε
164 3957 322 4007 sanctorum
346 3951 450 4006 scilicet
472 3951 641 4006 canticorum
664 3953 864 4006 consuetudine
886 3949 1025 4006 sollemnis
1043 3951 1091 4007 illa
1107 3967 1231 4023 pronun-

126 4035 205 4090 tiatio
224 4029 245 4090 ὦ
264 4037 398 4109 Δάματερ
416 4035 445 4088 in
462 4035 604 4106 uolgarem
621 4047 701 4088 usum
719 4035 795 4089 abiit.

174 4123 231 4186 195)
250 4117 294 4173 De
312 4119 365 4174 hoc
383 4118 495 4174 nomine
514 4117 548 4175 cf.
562 4118 716 4174 Hermanni
733 4117 835 4190 Opusc.
853 4117 915 4192 VII,
934 4123 991 4188 193.
