<?xml version="1.0" encoding="UTF-8"?>
<!DOCTYPE html PUBLIC "-//W3C//DTD XHTML 1.0 Transitional//EN"
    "http://www.w3.org/TR/xhtml1/DTD/xhtml1-transitional.dtd">
<html xmlns="http://www.w3.org/1999/xhtml" xml:lang="en" lang="en">
 <head>
  <title>
</title>
<meta http-equiv="Content-Type" content="text/html;charset=utf-8" />
  <meta name='ocr-system' content='tesseract 3.04.00' />
  <meta name='ocr-capabilities' content='ocr_page ocr_carea ocr_par ocr_line ocrx_word'/>
</head>
<body>
  <div class='ocr_page' id='page_1' title='image "./studienzurgriec00vanigoog/studienzurgriec00vanigoog_0217.png"; bbox 0 0 3008 4968; ppageno 0'>
   <div class='ocr_carea' id='block_1_1' title="bbox 584 477 644 539">
    <p class='ocr_par' dir='ltr' id='par_1_1' title="bbox 584 477 644 539">
     <span class='ocr_line' id='line_1_1' title="bbox 584 477 644 539; baseline 0 -1"><span class='ocrx_word' id='word_1_1' title='bbox 584 477 644 539; x_wconf 89' lang='grc'><strong>197</strong></span> 
     </span>
    </p>
   </div>
   <div class='ocr_carea' id='block_1_2' title="bbox 6 647 1212 2626">
    <p class='ocr_par' dir='ltr' id='par_1_2' title="bbox 67 647 1170 1230">
     <span class='ocr_line' id='line_1_2' title="bbox 70 647 1170 742; baseline 0.004 -28"><span class='ocrx_word' id='word_1_2' title='bbox 70 648 252 716; x_wconf 76' lang='grc' dir='ltr'><strong><em>κυλινδεῖται</em></strong></span> <span class='ocrx_word' id='word_1_3' title='bbox 275 647 410 738; x_wconf 69' lang='grc' dir='ltr'>χαμαίΗ.</span> <span class='ocrx_word' id='word_1_4' title='bbox 454 661 494 722; x_wconf 79' lang='lat'><strong>62</strong></span> <span class='ocrx_word' id='word_1_5' title='bbox 517 655 665 718; x_wconf 76' lang='grc' dir='ltr'><strong><em>ποιεῖται</em></strong></span> <span class='ocrx_word' id='word_1_6' title='bbox 691 649 823 742; x_wconf 69' lang='lat' dir='ltr'><strong>(pileoli.</strong></span> <span class='ocrx_word' id='word_1_7' title='bbox 868 662 920 723; x_wconf 86' lang='lat'><strong>75:</strong></span> <span class='ocrx_word' id='word_1_8' title='bbox 944 657 1083 719; x_wconf 82' lang='grc' dir='ltr'><strong><em>κινεῖται</em></strong></span> <span class='ocrx_word' id='word_1_9' title='bbox 1105 650 1170 736; x_wconf 87' lang='grc' dir='ltr'><strong>μό-</strong></span> 
     </span>
     <span class='ocr_line' id='line_1_3' title="bbox 70 746 1168 842; baseline 0.008 -30"><span class='ocrx_word' id='word_1_10' title='bbox 70 751 139 834; x_wconf 75' lang='grc' dir='ltr'>γις11.</span> <span class='ocrx_word' id='word_1_11' title='bbox 179 757 232 818; x_wconf 77' lang='lat'><strong>28:</strong></span> <span class='ocrx_word' id='word_1_12' title='bbox 251 746 382 828; x_wconf 54' lang='lat' dir='ltr'><strong>‘cales</strong></span> <span class='ocrx_word' id='word_1_13' title='bbox 407 746 507 816; x_wconf 74' lang='grc' dir='ltr'><strong><em>ἐκίνει</em></strong></span> <span class='ocrx_word' id='word_1_14' title='bbox 515 777 525 829; x_wconf 91' lang='grc'><strong>,·</strong></span> <span class='ocrx_word' id='word_1_15' title='bbox 549 753 706 838; x_wconf 90' lang='lat' dir='ltr'><strong>similiter,</strong></span> <span class='ocrx_word' id='word_1_16' title='bbox 736 777 808 819; x_wconf 90' lang='lat' dir='ltr'><strong>cum</strong></span> <span class='ocrx_word' id='word_1_17' title='bbox 829 777 850 820; x_wconf 92' lang='lat' dir='ltr'><strong>a</strong></span> <span class='ocrx_word' id='word_1_18' title='bbox 874 753 1002 820; x_wconf 90' lang='lat' dir='ltr'><strong>duabus</strong></span> <span class='ocrx_word' id='word_1_19' title='bbox 1032 753 1168 842; x_wconf 80' lang='lat' dir='ltr'><strong>syllabis</strong></span> 
     </span>
     <span class='ocr_line' id='line_1_4' title="bbox 69 850 1167 940; baseline 0.005 -26"><span class='ocrx_word' id='word_1_20' title='bbox 69 850 207 916; x_wconf 84' lang='lat' dir='ltr'><strong>brevibus</strong></span> <span class='ocrx_word' id='word_1_21' title='bbox 229 854 264 917; x_wconf 92' lang='lat' dir='ltr'><strong>in</strong></span> <span class='ocrx_word' id='word_1_22' title='bbox 285 852 369 917; x_wconf 90' lang='lat' dir='ltr'><strong>thesi</strong></span> <span class='ocrx_word' id='word_1_23' title='bbox 397 854 512 938; x_wconf 88' lang='lat' dir='ltr'><strong>positis</strong></span> <span class='ocrx_word' id='word_1_24' title='bbox 542 855 700 940; x_wconf 85' lang='lat' dir='ltr'><strong>synizesis</strong></span> <span class='ocrx_word' id='word_1_25' title='bbox 731 853 863 918; x_wconf 85' lang='lat' dir='ltr'><strong>exclusa</strong></span> <span class='ocrx_word' id='word_1_26' title='bbox 893 856 950 936; x_wconf 86' lang='lat' dir='ltr'><strong>sit,</strong></span> <span class='ocrx_word' id='word_1_27' title='bbox 982 857 1090 918; x_wconf 82' lang='lat' dir='ltr'><strong>cresin</strong></span> <span class='ocrx_word' id='word_1_28' title='bbox 1112 853 1167 919; x_wconf 90' lang='lat' dir='ltr'><strong>ad-</strong></span> 
     </span>
     <span class='ocr_line' id='line_1_5' title="bbox 68 945 1169 1039; baseline 0.001 -27"><span class='ocrx_word' id='word_1_29' title='bbox 68 949 187 1015; x_wconf 90' lang='lat' dir='ltr'><strong>hibitam</strong></span> <span class='ocrx_word' id='word_1_30' title='bbox 215 974 286 1018; x_wconf 86' lang='lat' dir='ltr'><strong>esse</strong></span> <span class='ocrx_word' id='word_1_31' title='bbox 316 954 467 1018; x_wconf 86' lang='lat' dir='ltr'><strong>existima</strong></span> <span class='ocrx_word' id='word_1_32' title='bbox 488 955 522 1017; x_wconf 93' lang='lat' dir='ltr'><strong>in</strong></span> <span class='ocrx_word' id='word_1_33' title='bbox 543 945 719 1039; x_wconf 66' lang='grc' dir='ltr'><em>προῦθηκε</em></span> <span class='ocrx_word' id='word_1_34' title='bbox 739 952 838 1020; x_wconf 90' lang='lat' dir='ltr'><strong>Arch.</strong></span> <span class='ocrx_word' id='word_1_35' title='bbox 854 962 894 1018; x_wconf 85' lang='lat' dir='ltr'><strong>tr.</strong></span> <span class='ocrx_word' id='word_1_36' title='bbox 917 959 966 1036; x_wconf 83' lang='lat'><strong>38,</strong></span> <span class='ocrx_word' id='word_1_37' title='bbox 989 945 1169 1036; x_wconf 69' lang='lat' dir='ltr'><strong>ruscinones</strong></span> 
     </span>
     <span class='ocr_line' id='line_1_6' title="bbox 67 1047 1167 1140; baseline 0.007 -30"><span class='ocrx_word' id='word_1_38' title='bbox 67 1047 154 1134; x_wconf 90' lang='lat' dir='ltr'><strong>Hipp.</strong></span> <span class='ocrx_word' id='word_1_39' title='bbox 173 1057 211 1114; x_wconf 88' lang='lat' dir='ltr'><strong>tr.</strong></span> <span class='ocrx_word' id='word_1_40' title='bbox 236 1055 286 1133; x_wconf 95' lang='grc'><strong>39,</strong></span> <span class='ocrx_word' id='word_1_41' title='bbox 310 1056 345 1132; x_wconf 88' lang='grc'><strong>3,</strong></span> <span class='ocrx_word' id='word_1_42' title='bbox 369 1075 452 1138; x_wconf 93' lang='lat' dir='ltr'><strong>quae</strong></span> <span class='ocrx_word' id='word_1_43' title='bbox 475 1053 563 1140; x_wconf 89' lang='lat' dir='ltr'><strong>apud</strong></span> <span class='ocrx_word' id='word_1_44' title='bbox 590 1055 788 1119; x_wconf 79' lang='lat' dir='ltr'><strong>recentiores</strong></span> <span class='ocrx_word' id='word_1_45' title='bbox 811 1053 906 1118; x_wconf 87' lang='lat' dir='ltr'><strong>lonas</strong></span> <span class='ocrx_word' id='word_1_46' title='bbox 937 1051 1042 1118; x_wconf 88' lang='lat' dir='ltr'><strong>soluta</strong></span> <span class='ocrx_word' id='word_1_47' title='bbox 1070 1051 1167 1118; x_wconf 91' lang='lat' dir='ltr'><strong>relin-</strong></span> 
     </span>
     <span class='ocr_line' id='line_1_7' title="bbox 67 1147 243 1230; baseline 0.023 -20"><span class='ocrx_word' id='word_1_48' title='bbox 67 1148 111 1230; x_wconf 93' lang='lat' dir='ltr'><strong>qui</strong></span> <span class='ocrx_word' id='word_1_49' title='bbox 132 1147 243 1214; x_wconf 82' lang='lat' dir='ltr'><strong>solent.</strong></span> 
     </span>
    </p>

    <p class='ocr_par' dir='ltr' id='par_1_3' title="bbox 6 1246 1212 2626">
     <span class='ocr_line' id='line_1_8' title="bbox 118 1246 1167 1336; baseline 0.004 -27"><span class='ocrx_word' id='word_1_50' title='bbox 118 1251 144 1322; x_wconf 93' lang='lat' dir='ltr'><strong>c)</strong></span> <span class='ocrx_word' id='word_1_51' title='bbox 163 1246 292 1312; x_wconf 82' lang='lat' dir='ltr'><strong>Deinde</strong></span> <span class='ocrx_word' id='word_1_52' title='bbox 321 1249 354 1312; x_wconf 91' lang='lat' dir='ltr'><strong>in</strong></span> <span class='ocrx_word' id='word_1_53' title='bbox 383 1251 581 1315; x_wconf 81' lang='lat' dir='ltr'><strong>carminibus</strong></span> <span class='ocrx_word' id='word_1_54' title='bbox 609 1251 762 1336; x_wconf 78' lang='lat' dir='ltr'><strong>elegiacis</strong></span> <span class='ocrx_word' id='word_1_55' title='bbox 793 1261 970 1316; x_wconf 88' lang='lat' dir='ltr'><strong>excusatur</strong></span> <span class='ocrx_word' id='word_1_56' title='bbox 999 1257 1167 1314; x_wconf 88' lang='lat' dir='ltr'><strong>contracta</strong></span> 
     </span>
     <span class='ocr_line' id='line_1_9' title="bbox 67 1343 1165 1437; baseline 0.005 -31"><span class='ocrx_word' id='word_1_57' title='bbox 67 1343 179 1428; x_wconf 80' lang='lat' dir='ltr'><strong>syllaba</strong></span> <span class='ocrx_word' id='word_1_58' title='bbox 200 1346 325 1422; x_wconf 89' lang='lat' dir='ltr'><strong>finalis,</strong></span> <span class='ocrx_word' id='word_1_59' title='bbox 354 1369 436 1434; x_wconf 89' lang='lat' dir='ltr'><strong>quae</strong></span> <span class='ocrx_word' id='word_1_60' title='bbox 458 1360 532 1414; x_wconf 87' lang='lat' dir='ltr'><strong>ante</strong></span> <span class='ocrx_word' id='word_1_61' title='bbox 555 1373 691 1437; x_wconf 89' lang='lat' dir='ltr'><strong>sequens</strong></span> <span class='ocrx_word' id='word_1_62' title='bbox 714 1347 927 1432; x_wconf 90' lang='lat' dir='ltr'><strong>vocabulum,</strong></span> <span class='ocrx_word' id='word_1_63' title='bbox 958 1346 1045 1434; x_wconf 91' lang='lat' dir='ltr'><strong>quod</strong></span> <span class='ocrx_word' id='word_1_64' title='bbox 1066 1369 1086 1412; x_wconf 87' lang='lat' dir='ltr'><strong>a</strong></span> <span class='ocrx_word' id='word_1_65' title='bbox 1109 1371 1165 1412; x_wconf 88' lang='lat' dir='ltr'><strong>vo·</strong></span> 
     </span>
     <span class='ocr_line' id='line_1_10' title="bbox 67 1440 1165 1535; baseline 0.013 -31"><span class='ocrx_word' id='word_1_66' title='bbox 67 1442 118 1505; x_wconf 87' lang='lat' dir='ltr'><strong>cali</strong></span> <span class='ocrx_word' id='word_1_67' title='bbox 131 1444 255 1532; x_wconf 82' lang='lat' dir='ltr'><strong>incipit,</strong></span> <span class='ocrx_word' id='word_1_68' title='bbox 271 1448 476 1533; x_wconf 87' lang='lat' dir='ltr'><strong>corripiatur.</strong></span> <span class='ocrx_word' id='word_1_69' title='bbox 500 1449 592 1535; x_wconf 87' lang='lat' dir='ltr'><strong>Tyrt.</strong></span> <span class='ocrx_word' id='word_1_70' title='bbox 608 1459 654 1529; x_wconf 91' lang='grc'><strong>11,</strong></span> <span class='ocrx_word' id='word_1_71' title='bbox 667 1456 720 1516; x_wconf 69' lang='grc'>361</span> <span class='ocrx_word' id='word_1_72' title='bbox 743 1440 834 1532; x_wconf 79' lang='grc' dir='ltr'><strong><em>ξίφει</em></strong></span> <span class='ocrx_word' id='word_1_73' title='bbox 850 1440 1003 1524; x_wconf 73' lang='grc' dir='ltr'><strong><em>οὐτάζων.</em></strong></span> <span class='ocrx_word' id='word_1_74' title='bbox 1020 1447 1165 1534; x_wconf 78' lang='lat' dir='ltr'><strong>Theogn·</strong></span> 
     </span>
     <span class='ocr_line' id='line_1_11' title="bbox 69 1539 1212 1636; baseline 0.009 -33"><span class='ocrx_word' id='word_1_75' title='bbox 69 1548 134 1608; x_wconf 81' lang='grc'>1119</span> <span class='ocrx_word' id='word_1_76' title='bbox 156 1539 307 1624; x_wconf 78' lang='grc' dir='ltr'><strong><em>δυσμενεῖ</em></strong></span> <span class='ocrx_word' id='word_1_77' title='bbox 329 1540 532 1631; x_wconf 73' lang='grc' dir='ltr'><strong><em>ἐξαπατῆσαι</em></strong></span> <span class='ocrx_word' id='word_1_78' title='bbox 555 1547 687 1635; x_wconf 83' lang='lat' dir='ltr'><strong>(Bergk.</strong></span> <span class='ocrx_word' id='word_1_79' title='bbox 711 1549 792 1614; x_wconf 89' lang='lat' dir='ltr'><strong>coni.</strong></span> <span class='ocrx_word' id='word_1_80' title='bbox 814 1549 856 1634; x_wconf 79' lang='grc' dir='ltr'><strong>ἢ).</strong></span> <span class='ocrx_word' id='word_1_81' title='bbox 878 1585 919 1595; x_wconf 97' lang='grc'>-</span> <span class='ocrx_word' id='word_1_82' title='bbox 940 1547 1083 1633; x_wconf 81' lang='lat' dir='ltr'><strong>Theogn.</strong></span> <span class='ocrx_word' id='word_1_83' title='bbox 1104 1553 1166 1612; x_wconf 79' lang='lat'><strong>252</strong></span> <span class='ocrx_word' id='word_1_84' title='bbox 1210 1629 1212 1636; x_wconf 21' lang='grc' dir='ltr'>Ι</span> 
     </span>
     <span class='ocr_line' id='line_1_12' title="bbox 67 1633 1165 1732; baseline 0.01 -31"><span class='ocrx_word' id='word_1_85' title='bbox 67 1633 130 1726; x_wconf 77' lang='grc' dir='ltr'><em>ἔσσῃ</em></span> <span class='ocrx_word' id='word_1_86' title='bbox 156 1634 255 1721; x_wconf 82' lang='grc' dir='ltr'>ὁμῶς.</span> <span class='ocrx_word' id='word_1_87' title='bbox 282 1681 325 1693; x_wconf 93' lang='lat'><strong>—-</strong></span> <span class='ocrx_word' id='word_1_88' title='bbox 352 1645 414 1712; x_wconf 87' lang='lat' dir='ltr'><strong>Sol.</strong></span> <span class='ocrx_word' id='word_1_89' title='bbox 447 1651 500 1728; x_wconf 86' lang='grc'><strong>13,</strong></span> <span class='ocrx_word' id='word_1_90' title='bbox 531 1650 585 1714; x_wconf 84' lang='lat'><strong>39:</strong></span> <span class='ocrx_word' id='word_1_91' title='bbox 614 1644 706 1712; x_wconf 81' lang='grc' dir='ltr'><strong><em>δοκεῖ</em></strong></span> <span class='ocrx_word' id='word_1_92' title='bbox 735 1639 884 1728; x_wconf 73' lang='grc' dir='ltr'><strong>ἔμμεναι.</strong></span> <span class='ocrx_word' id='word_1_93' title='bbox 929 1646 1074 1732; x_wconf 84' lang='lat' dir='ltr'><strong>Theogn.</strong></span> <span class='ocrx_word' id='word_1_94' title='bbox 1106 1650 1165 1712; x_wconf 80' lang='grc'><strong>994</strong></span> 
     </span>
     <span class='ocr_line' id='line_1_13' title="bbox 21 1730 409 1828; baseline 0.021 -30"><span class='ocrx_word' id='word_1_95' title='bbox 21 1730 409 1828; x_wconf 47' lang='lat' dir='ltr'><strong>dfflffwfflm.</strong></span> 
     </span>
     <span class='ocr_line' id='line_1_14' title="bbox 6 1839 1166 1929; baseline 0.004 -26"><span class='ocrx_word' id='word_1_96' title='bbox 6 1861 7 1864; x_wconf 45' lang='lat'>¹</span> <span class='ocrx_word' id='word_1_97' title='bbox 117 1839 147 1916; x_wconf 87' lang='lat' dir='ltr'><strong>d)</strong></span> <span class='ocrx_word' id='word_1_98' title='bbox 167 1840 319 1929; x_wconf 92' lang='lat' dir='ltr'><strong>Denique</strong></span> <span class='ocrx_word' id='word_1_99' title='bbox 340 1844 372 1907; x_wconf 92' lang='lat' dir='ltr'><strong>in</strong></span> <span class='ocrx_word' id='word_1_100' title='bbox 400 1844 585 1910; x_wconf 84' lang='lat' dir='ltr'><strong>nominibus</strong></span> <span class='ocrx_word' id='word_1_101' title='bbox 614 1853 646 1908; x_wconf 89' lang='lat' dir='ltr'><strong>et</strong></span> <span class='ocrx_word' id='word_1_102' title='bbox 664 1843 773 1908; x_wconf 90' lang='lat' dir='ltr'><strong>verbis</strong></span> <span class='ocrx_word' id='word_1_103' title='bbox 795 1844 987 1925; x_wconf 86' lang='lat' dir='ltr'><strong>contractis,</strong></span> <span class='ocrx_word' id='word_1_104' title='bbox 1016 1843 1072 1908; x_wconf 93' lang='lat' dir='ltr'><strong>ubi</strong></span> <span class='ocrx_word' id='word_1_105' title='bbox 1094 1843 1166 1908; x_wconf 89' lang='lat' dir='ltr'><strong>thc-</strong></span> 
     </span>
     <span class='ocr_line' id='line_1_15' title="bbox 68 1939 1165 2030; baseline 0.006 -30"><span class='ocrx_word' id='word_1_106' title='bbox 68 1939 148 2002; x_wconf 80' lang='lat' dir='ltr'><strong>matis</strong></span> <span class='ocrx_word' id='word_1_107' title='bbox 184 1939 317 2005; x_wconf 89' lang='lat' dir='ltr'><strong>ultimae</strong></span> <span class='ocrx_word' id='word_1_108' title='bbox 350 1942 455 2008; x_wconf 91' lang='lat' dir='ltr'><strong>vocali</strong></span> <span class='ocrx_word' id='word_1_109' title='bbox 485 1941 609 2009; x_wconf 89' lang='lat' dir='ltr'><strong>vocalis</strong></span> <span class='ocrx_word' id='word_1_110' title='bbox 640 1941 820 2026; x_wconf 86' lang='lat' dir='ltr'><strong>antecedit,</strong></span> <span class='ocrx_word' id='word_1_111' title='bbox 858 1953 995 2030; x_wconf 86' lang='lat' dir='ltr'><strong>propter</strong></span> <span class='ocrx_word' id='word_1_112' title='bbox 1031 1943 1165 2007; x_wconf 89' lang='lat' dir='ltr'><strong>nimiam</strong></span> 
     </span>
     <span class='ocr_line' id='line_1_16' title="bbox 67 2037 1164 2128; baseline 0.006 -29"><span class='ocrx_word' id='word_1_113' title='bbox 67 2038 160 2112; x_wconf 89' lang='lat' dir='ltr'><strong>(trium</strong></span> <span class='ocrx_word' id='word_1_114' title='bbox 181 2037 233 2102; x_wconf 91' lang='lat' dir='ltr'><strong>vel</strong></span> <span class='ocrx_word' id='word_1_115' title='bbox 256 2040 354 2104; x_wconf 89' lang='lat' dir='ltr'><strong>etiam</strong></span> <span class='ocrx_word' id='word_1_116' title='bbox 375 2042 529 2128; x_wconf 83' lang='lat' dir='ltr'><strong>plurium)</strong></span> <span class='ocrx_word' id='word_1_117' title='bbox 551 2040 712 2106; x_wconf 84' lang='lat' dir='ltr'><strong>vocalium</strong></span> <span class='ocrx_word' id='word_1_118' title='bbox 735 2043 951 2106; x_wconf 88' lang='lat' dir='ltr'><strong>seiunctarum</strong></span> <span class='ocrx_word' id='word_1_119' title='bbox 974 2063 1164 2106; x_wconf 89' lang='lat' dir='ltr'><strong>concursum</strong></span> 
     </span>
     <span class='ocr_line' id='line_1_17' title="bbox 68 2134 1163 2227; baseline 0.007 -29"><span class='ocrx_word' id='word_1_120' title='bbox 68 2138 273 2203; x_wconf 85' lang='lat' dir='ltr'><strong>contractione</strong></span> <span class='ocrx_word' id='word_1_121' title='bbox 301 2149 417 2226; x_wconf 74' lang='lat' dir='ltr'><strong>poetae</strong></span> <span class='ocrx_word' id='word_1_122' title='bbox 438 2141 489 2205; x_wconf 90' lang='lat' dir='ltr'><strong>usi</strong></span> <span class='ocrx_word' id='word_1_123' title='bbox 511 2149 598 2205; x_wconf 92' lang='lat' dir='ltr'><strong>sunt:</strong></span> <span class='ocrx_word' id='word_1_124' title='bbox 626 2139 690 2206; x_wconf 86' lang='lat' dir='ltr'><strong>Sol.</strong></span> <span class='ocrx_word' id='word_1_125' title='bbox 716 2147 768 2222; x_wconf 90' lang='grc'><strong>13,</strong></span> <span class='ocrx_word' id='word_1_126' title='bbox 791 2145 843 2205; x_wconf 78' lang='lat'><strong>62:</strong></span> <span class='ocrx_word' id='word_1_127' title='bbox 874 2134 972 2225; x_wconf 73' lang='grc' dir='ltr'><strong>ὑγιῆΗ.</strong></span> <span class='ocrx_word' id='word_1_128' title='bbox 1017 2139 1163 2227; x_wconf 87' lang='lat' dir='ltr'><strong>Theogn.</strong></span> 
     </span>
     <span class='ocr_line' id='line_1_18' title="bbox 67 2228 1163 2327; baseline 0.008 -30"><span class='ocrx_word' id='word_1_129' title='bbox 67 2240 113 2302; x_wconf 82' lang='lat' dir='ltr'><strong>ua</strong></span> <span class='ocrx_word' id='word_1_130' title='bbox 139 2228 327 2315; x_wconf 64' lang='grc' dir='ltr'><strong><em>οἰνοχοείτω</em></strong></span> <span class='ocrx_word' id='word_1_131' title='bbox 355 2233 407 2317; x_wconf 68' lang='lat' dir='ltr'><strong>(ef.</strong></span> <span class='ocrx_word' id='word_1_132' title='bbox 429 2240 472 2316; x_wconf 86' lang='lat' dir='ltr'><strong>b).</strong></span> <span class='ocrx_word' id='word_1_133' title='bbox 505 2239 741 2317; x_wconf 68' lang='lat' dir='ltr'><strong>mosminse.)</strong></span> <span class='ocrx_word' id='word_1_134' title='bbox 770 2234 879 2301; x_wconf 68' lang='lat' dir='ltr'><strong>secla</strong></span> <span class='ocrx_word' id='word_1_135' title='bbox 908 2241 992 2327; x_wconf 65' lang='lat' dir='ltr'><strong>aosl·</strong></span> <span class='ocrx_word' id='word_1_136' title='bbox 1014 2279 1055 2290; x_wconf 87' lang='lat'><em>-</em></span> <span class='ocrx_word' id='word_1_137' title='bbox 1083 2239 1163 2308; x_wconf 83' lang='lat' dir='ltr'><strong>Sim.</strong></span> 
     </span>
     <span class='ocr_line' id='line_1_19' title="bbox 68 2326 1164 2425; baseline 0.007 -29"><span class='ocrx_word' id='word_1_138' title='bbox 68 2338 141 2425; x_wconf 64' lang='lat' dir='ltr'><strong>sni</strong></span> <span class='ocrx_word' id='word_1_139' title='bbox 161 2326 180 2423; x_wconf 75' lang='grc' dir='ltr'><strong><em>ἢ</em></strong></span> <span class='ocrx_word' id='word_1_140' title='bbox 203 2328 261 2400; x_wconf 74' lang='lat' dir='ltr'><strong>dti&#39;</strong></span> <span class='ocrx_word' id='word_1_141' title='bbox 288 2332 322 2400; x_wconf 78' lang='grc' dir='ltr'><strong>ἐν</strong></span> <span class='ocrx_word' id='word_1_142' title='bbox 349 2336 464 2423; x_wconf 81' lang='grc' dir='ltr'><strong><em>φρεσὶν</em></strong></span> <span class='ocrx_word' id='word_1_143' title='bbox 485 2338 561 2403; x_wconf 85' lang='grc' dir='ltr'><strong><em>νοεῖ.</em></strong></span> <span class='ocrx_word' id='word_1_144' title='bbox 606 2337 827 2420; x_wconf 83' lang='lat' dir='ltr'><strong>Quinetiam,</strong></span> <span class='ocrx_word' id='word_1_145' title='bbox 850 2347 886 2403; x_wconf 86' lang='lat' dir='ltr'><strong>ut</strong></span> <span class='ocrx_word' id='word_1_146' title='bbox 905 2350 1019 2425; x_wconf 87' lang='lat' dir='ltr'><strong>postea</strong></span> <span class='ocrx_word' id='word_1_147' title='bbox 1041 2339 1164 2404; x_wconf 89' lang='lat' dir='ltr'><strong>videbi-</strong></span> 
     </span>
     <span class='ocr_line' id='line_1_20' title="bbox 67 2437 1164 2526; baseline 0.006 -31"><span class='ocrx_word' id='word_1_148' title='bbox 67 2454 132 2515; x_wconf 88' lang='lat' dir='ltr'><strong>mus,</strong></span> <span class='ocrx_word' id='word_1_149' title='bbox 153 2457 272 2522; x_wconf 86' lang='lat' dir='ltr'><strong>prosae</strong></span> <span class='ocrx_word' id='word_1_150' title='bbox 294 2439 448 2502; x_wconf 84' lang='lat' dir='ltr'><strong>orationis</strong></span> <span class='ocrx_word' id='word_1_151' title='bbox 482 2439 658 2525; x_wconf 83' lang='lat' dir='ltr'><strong>scriptores</strong></span> <span class='ocrx_word' id='word_1_152' title='bbox 688 2438 773 2503; x_wconf 93' lang='lat' dir='ltr'><strong>hanc</strong></span> <span class='ocrx_word' id='word_1_153' title='bbox 802 2437 983 2526; x_wconf 88' lang='lat' dir='ltr'><strong>euphoniae</strong></span> <span class='ocrx_word' id='word_1_154' title='bbox 1004 2438 1109 2526; x_wconf 87' lang='lat' dir='ltr'><strong>legem</strong></span> <span class='ocrx_word' id='word_1_155' title='bbox 1131 2440 1164 2502; x_wconf 91' lang='lat' dir='ltr'><strong>in</strong></span> 
     </span>
     <span class='ocr_line' id='line_1_21' title="bbox 67 2529 1164 2626; baseline 0.003 -30"><span class='ocrx_word' id='word_1_156' title='bbox 67 2532 244 2617; x_wconf 88' lang='lat' dir='ltr'><strong>quibusdam</strong></span> <span class='ocrx_word' id='word_1_157' title='bbox 267 2535 381 2600; x_wconf 85' lang='lat' dir='ltr'><strong>formis</strong></span> <span class='ocrx_word' id='word_1_158' title='bbox 404 2537 505 2602; x_wconf 89' lang='lat' dir='ltr'><strong>secuti</strong></span> <span class='ocrx_word' id='word_1_159' title='bbox 521 2547 604 2603; x_wconf 89' lang='lat' dir='ltr'><strong>sunt.</strong></span> <span class='ocrx_word' id='word_1_160' title='bbox 647 2529 994 2626; x_wconf 65' lang='grc' dir='ltr'>61.,,Ἐ[χε11ημόςμε</span> <span class='ocrx_word' id='word_1_161' title='bbox 1015 2531 1164 2601; x_wconf 68' lang='grc' dir='ltr'><strong>ἐνιοιέινκ</strong></span> 
     </span>
    </p>
   </div>
   <div class='ocr_carea' id='block_1_3' title="bbox 66 2630 1163 2933">
    <p class='ocr_par' dir='ltr' id='par_1_4' title="bbox 66 2630 1163 2933">
     <span class='ocr_line' id='line_1_22' title="bbox 66 2630 1163 2738; baseline 0.005 -44"><span class='ocrx_word' id='word_1_162' title='bbox 66 2630 92 2694; x_wconf 92' lang='lat' dir='ltr'><strong>in</strong></span> <span class='ocrx_word' id='word_1_163' title='bbox 109 2632 198 2698; x_wconf 92' lang='lat' dir='ltr'><strong>titulo</strong></span> <span class='ocrx_word' id='word_1_164' title='bbox 218 2633 346 2716; x_wconf 76' lang='lat' dir='ltr'><strong>Milesio</strong></span> <span class='ocrx_word' id='word_1_165' title='bbox 367 2635 389 2699; x_wconf 96' lang='lat' dir='ltr'>b</span> <span class='ocrx_word' id='word_1_166' title='bbox 413 2635 621 2723; x_wconf 86' lang='lat' dir='ltr'><strong>Olympiadis</strong></span> <span class='ocrx_word' id='word_1_167' title='bbox 643 2643 684 2705; x_wconf 89' lang='grc'><strong>66</strong></span> <span class='ocrx_word' id='word_1_168' title='bbox 705 2636 793 2724; x_wconf 90' lang='lat' dir='ltr'><strong>apud</strong></span> <span class='ocrx_word' id='word_1_169' title='bbox 813 2636 1049 2703; x_wconf 84' lang='lat' dir='ltr'><strong>Kirchhclfium</strong></span> <span class='ocrx_word' id='word_1_170' title='bbox 1068 2637 1163 2738; x_wconf 64' lang='lat' dir='ltr'><strong>stud.</strong></span> 
     </span>
     <span class='ocr_line' id='line_1_23' title="bbox 66 2739 195 2819; baseline 0.008 -19"><span class='ocrx_word' id='word_1_171' title='bbox 66 2751 125 2819; x_wconf 84' lang='lat' dir='ltr'><strong>pag.</strong></span> <span class='ocrx_word' id='word_1_172' title='bbox 146 2739 195 2802; x_wconf 83' lang='grc'><strong>24.</strong></span> 
     </span>
     <span class='ocr_line' id='line_1_24' title="bbox 564 2853 646 2933; baseline -0.037 -17"><span class='ocrx_word' id='word_1_173' title='bbox 564 2853 595 2933; x_wconf 62' lang='lat'><strong>5.</strong></span> <span class='ocrx_word' id='word_1_174' title='bbox 617 2855 646 2916; x_wconf 85' lang='lat'><strong>9.</strong></span> 
     </span>
    </p>
   </div>
   <div class='ocr_carea' id='block_1_4' title="bbox 506 2999 708 3066">
    <p class='ocr_par' dir='ltr' id='par_1_5' title="bbox 506 2999 708 3066">
     <span class='ocr_line' id='line_1_25' title="bbox 506 2999 708 3066; baseline 0 0"><span class='ocrx_word' id='word_1_175' title='bbox 506 2999 564 3066; x_wconf 92' lang='lat' dir='ltr'><strong>De</strong></span> <span class='ocrx_word' id='word_1_176' title='bbox 593 3002 708 3066; x_wconf 89' lang='lat' dir='ltr'><strong>crasi.</strong></span> 
     </span>
    </p>
   </div>
   <div class='ocr_carea' id='block_1_5' title="bbox 67 3162 1162 4049">
    <p class='ocr_par' dir='ltr' id='par_1_6' title="bbox 67 3162 1162 4049">
     <span class='ocr_line' id='line_1_26' title="bbox 115 3162 1162 3251; baseline 0.001 -19"><span class='ocrx_word' id='word_1_177' title='bbox 115 3165 223 3232; x_wconf 80' lang='lat' dir='ltr'><strong>Orasis</strong></span> <span class='ocrx_word' id='word_1_178' title='bbox 256 3165 475 3251; x_wconf 88' lang='lat' dir='ltr'><strong>frequentiore</strong></span> <span class='ocrx_word' id='word_1_179' title='bbox 507 3188 569 3230; x_wconf 90' lang='lat' dir='ltr'><strong>usu</strong></span> <span class='ocrx_word' id='word_1_180' title='bbox 602 3163 709 3229; x_wconf 84' lang='lat' dir='ltr'><strong>differt</strong></span> <span class='ocrx_word' id='word_1_181' title='bbox 740 3162 904 3250; x_wconf 81' lang='lat' dir='ltr'><strong>Theognis</strong></span> <span class='ocrx_word' id='word_1_182' title='bbox 935 3165 977 3230; x_wconf 91' lang='lat' dir='ltr'><strong>ab</strong></span> <span class='ocrx_word' id='word_1_183' title='bbox 1007 3165 1162 3250; x_wconf 86' lang='lat' dir='ltr'><strong>Homero,</strong></span> 
     </span>
     <span class='ocr_line' id='line_1_27' title="bbox 67 3263 1161 3354; baseline 0.006 -30"><span class='ocrx_word' id='word_1_184' title='bbox 67 3264 139 3347; x_wconf 86' lang='lat' dir='ltr'><strong>apud</strong></span> <span class='ocrx_word' id='word_1_185' title='bbox 170 3288 266 3354; x_wconf 91' lang='lat' dir='ltr'><strong>quem</strong></span> <span class='ocrx_word' id='word_1_186' title='bbox 303 3287 489 3354; x_wconf 84' lang='lat' dir='ltr'><strong>perpaucae</strong></span> <span class='ocrx_word' id='word_1_187' title='bbox 526 3273 651 3330; x_wconf 87' lang='lat' dir='ltr'><strong>tantum</strong></span> <span class='ocrx_word' id='word_1_188' title='bbox 682 3284 779 3330; x_wconf 88' lang='lat' dir='ltr'><strong>voces</strong></span> <span class='ocrx_word' id='word_1_189' title='bbox 818 3263 926 3327; x_wconf 84' lang='lat' dir='ltr'><strong>cresin</strong></span> <span class='ocrx_word' id='word_1_190' title='bbox 961 3263 1104 3330; x_wconf 86' lang='lat' dir='ltr'><strong>efficiunt</strong></span> <span class='ocrx_word' id='word_1_191' title='bbox 1130 3268 1161 3343; x_wconf 92' lang='lat'><strong>¹).</strong></span> 
     </span>
     <span class='ocr_line' id='line_1_28' title="bbox 68 3357 1162 3452; baseline 0.005 -28"><span class='ocrx_word' id='word_1_192' title='bbox 68 3357 248 3450; x_wconf 83' lang='lat' dir='ltr'><strong>Saepissime</strong></span> <span class='ocrx_word' id='word_1_193' title='bbox 275 3371 320 3443; x_wconf 90' lang='grc'><strong>(11</strong></span> <span class='ocrx_word' id='word_1_194' title='bbox 347 3364 440 3443; x_wconf 89' lang='lat' dir='ltr'><strong>locis)</strong></span> <span class='ocrx_word' id='word_1_195' title='bbox 462 3359 519 3428; x_wconf 83' lang='grc' dir='ltr'><strong>καὶ</strong></span> <span class='ocrx_word' id='word_1_196' title='bbox 547 3361 708 3452; x_wconf 88' lang='lat' dir='ltr'><strong>particula</strong></span> <span class='ocrx_word' id='word_1_197' title='bbox 736 3360 825 3448; x_wconf 91' lang='lat' dir='ltr'><strong>apud</strong></span> <span class='ocrx_word' id='word_1_198' title='bbox 850 3361 939 3428; x_wconf 91' lang='lat' dir='ltr'><strong>illum</strong></span> <span class='ocrx_word' id='word_1_199' title='bbox 961 3387 1034 3429; x_wconf 91' lang='lat' dir='ltr'><strong>cum</strong></span> <span class='ocrx_word' id='word_1_200' title='bbox 1056 3364 1162 3430; x_wconf 88' lang='lat' dir='ltr'><strong>vocali</strong></span> 
     </span>
     <span class='ocr_line' id='line_1_29' title="bbox 67 3455 1162 3550; baseline 0 -25"><span class='ocrx_word' id='word_1_201' title='bbox 67 3459 165 3528; x_wconf 88' lang='lat' dir='ltr'><strong>initiali</strong></span> <span class='ocrx_word' id='word_1_202' title='bbox 197 3465 360 3550; x_wconf 88' lang='lat' dir='ltr'><strong>sequentis</strong></span> <span class='ocrx_word' id='word_1_203' title='bbox 388 3465 479 3528; x_wconf 87' lang='lat' dir='ltr'><strong>vocis</strong></span> <span class='ocrx_word' id='word_1_204' title='bbox 506 3465 594 3530; x_wconf 92' lang='lat' dir='ltr'><strong>coire</strong></span> <span class='ocrx_word' id='word_1_205' title='bbox 615 3462 711 3544; x_wconf 89' lang='lat' dir='ltr'><strong>solet,</strong></span> <span class='ocrx_word' id='word_1_206' title='bbox 744 3461 785 3525; x_wconf 86' lang='lat' dir='ltr'><strong>cf.</strong></span> <span class='ocrx_word' id='word_1_207' title='bbox 807 3460 950 3548; x_wconf 84' lang='lat' dir='ltr'><strong>Theogn.</strong></span> <span class='ocrx_word' id='word_1_208' title='bbox 972 3468 1031 3529; x_wconf 80' lang='lat'><strong>355</strong></span> <span class='ocrx_word' id='word_1_209' title='bbox 1053 3455 1162 3526; x_wconf 71' lang='grc' dir='ltr'><em>κάσθ-</em></span> 
     </span>
     <span class='ocr_line' id='line_1_30' title="bbox 67 3553 1161 3650; baseline 0.007 -31"><span class='ocrx_word' id='word_1_210' title='bbox 67 3559 162 3628; x_wconf 85' lang='grc' dir='ltr'>1οῖσιν.</span> <span class='ocrx_word' id='word_1_211' title='bbox 206 3569 278 3631; x_wconf 88' lang='grc'>166;</span> <span class='ocrx_word' id='word_1_212' title='bbox 297 3555 427 3650; x_wconf 77' lang='grc' dir='ltr'>χήμέρη.</span> <span class='ocrx_word' id='word_1_213' title='bbox 471 3567 531 3630; x_wconf 86' lang='grc'><strong>536</strong></span> <span class='ocrx_word' id='word_1_214' title='bbox 546 3553 697 3640; x_wconf 80' lang='grc' dir='ltr'><strong><em>καῦχένα.</em></strong></span> <span class='ocrx_word' id='word_1_215' title='bbox 712 3597 754 3608; x_wconf 90' lang='grc'>-</span> <span class='ocrx_word' id='word_1_216' title='bbox 772 3565 850 3629; x_wconf 83' lang='grc'>1342</span> <span class='ocrx_word' id='word_1_217' title='bbox 868 3565 957 3648; x_wconf 88' lang='lat' dir='ltr'><strong>(mp.)</strong></span> <span class='ocrx_word' id='word_1_218' title='bbox 979 3553 1068 3627; x_wconf 78' lang='grc' dir='ltr'><strong>κούκ.</strong></span> <span class='ocrx_word' id='word_1_219' title='bbox 1096 3563 1161 3627; x_wconf 94' lang='lat' dir='ltr'><strong>De-</strong></span> 
     </span>
     <span class='ocr_line' id='line_1_31' title="bbox 68 3656 1159 3751; baseline 0.007 -32"><span class='ocrx_word' id='word_1_220' title='bbox 68 3656 129 3725; x_wconf 89' lang='lat' dir='ltr'><strong>inde</strong></span> <span class='ocrx_word' id='word_1_221' title='bbox 148 3662 302 3728; x_wconf 86' lang='lat' dir='ltr'><strong>articulus</strong></span> <span class='ocrx_word' id='word_1_222' title='bbox 324 3685 398 3728; x_wconf 92' lang='lat' dir='ltr'><strong>cum</strong></span> <span class='ocrx_word' id='word_1_223' title='bbox 421 3663 569 3751; x_wconf 89' lang='lat' dir='ltr'><strong>sequenti</strong></span> <span class='ocrx_word' id='word_1_224' title='bbox 588 3683 668 3728; x_wconf 87' lang='lat' dir='ltr'><strong>voce</strong></span> <span class='ocrx_word' id='word_1_225' title='bbox 699 3659 866 3744; x_wconf 89' lang='lat' dir='ltr'><strong>coalescit,</strong></span> <span class='ocrx_word' id='word_1_226' title='bbox 894 3657 994 3726; x_wconf 81' lang='lat' dir='ltr'><strong>veluti</strong></span> <span class='ocrx_word' id='word_1_227' title='bbox 1016 3659 1159 3747; x_wconf 88' lang='lat' dir='ltr'><strong>Theogn.</strong></span> 
     </span>
     <span class='ocr_line' id='line_1_32' title="bbox 69 3750 1161 3845; baseline 0.004 -22"><span class='ocrx_word' id='word_1_228' title='bbox 69 3760 116 3825; x_wconf 89' lang='grc'><strong>346</strong></span> <span class='ocrx_word' id='word_1_229' title='bbox 132 3752 227 3840; x_wconf 77' lang='grc' dir='ltr'>τάμά.</span> <span class='ocrx_word' id='word_1_230' title='bbox 272 3768 332 3832; x_wconf 86' lang='grc'><strong>918</strong></span> <span class='ocrx_word' id='word_1_231' title='bbox 351 3753 545 3841; x_wconf 79' lang='grc' dir='ltr'><strong><em>οὑπιτυχιόν.</em></strong></span> <span class='ocrx_word' id='word_1_232' title='bbox 589 3765 649 3828; x_wconf 89' lang='grc'><strong>488</strong></span> <span class='ocrx_word' id='word_1_233' title='bbox 671 3750 809 3822; x_wconf 67' lang='grc' dir='ltr'><strong><em>τοῦνεκα</em></strong></span> <span class='ocrx_word' id='word_1_234' title='bbox 837 3770 869 3824; x_wconf 91' lang='lat' dir='ltr'><strong>et</strong></span> <span class='ocrx_word' id='word_1_235' title='bbox 892 3765 970 3827; x_wconf 88' lang='grc'>1349</span> <span class='ocrx_word' id='word_1_236' title='bbox 992 3765 1081 3845; x_wconf 86' lang='lat' dir='ltr'><strong>(mp.)</strong></span> <span class='ocrx_word' id='word_1_237' title='bbox 1104 3756 1161 3823; x_wconf 77' lang='lat' dir='ltr'><strong>od-</strong></span> 
     </span>
     <span class='ocr_line' id='line_1_33' title="bbox 69 3857 1159 3947; baseline -0.001 -22"><span class='ocrx_word' id='word_1_238' title='bbox 69 3873 142 3940; x_wconf 64' lang='lat' dir='ltr'><strong>mar,</strong></span> <span class='ocrx_word' id='word_1_239' title='bbox 164 3883 298 3947; x_wconf 87' lang='lat' dir='ltr'><strong>quarum</strong></span> <span class='ocrx_word' id='word_1_240' title='bbox 319 3861 509 3928; x_wconf 85' lang='lat' dir='ltr'><strong>vocularum</strong></span> <span class='ocrx_word' id='word_1_241' title='bbox 540 3857 800 3946; x_wconf 88' lang='lat' dir='ltr'><strong>copulationibus</strong></span> <span class='ocrx_word' id='word_1_242' title='bbox 821 3859 886 3923; x_wconf 88' lang='lat' dir='ltr'><strong>iam</strong></span> <span class='ocrx_word' id='word_1_243' title='bbox 908 3858 1071 3924; x_wconf 88' lang='lat' dir='ltr'><strong>Homerus</strong></span> <span class='ocrx_word' id='word_1_244' title='bbox 1093 3868 1159 3924; x_wconf 89' lang='lat' dir='ltr'><strong>tam</strong></span> 
     </span>
     <span class='ocr_line' id='line_1_34' title="bbox 70 3957 1160 4049; baseline 0.004 -31"><span class='ocrx_word' id='word_1_245' title='bbox 70 3963 152 4042; x_wconf 78' lang='lat' dir='ltr'><strong>saepe</strong></span> <span class='ocrx_word' id='word_1_246' title='bbox 182 3961 297 4044; x_wconf 87' lang='lat' dir='ltr'><strong>utitur,</strong></span> <span class='ocrx_word' id='word_1_247' title='bbox 329 3973 365 4026; x_wconf 90' lang='lat' dir='ltr'><strong>ut</strong></span> <span class='ocrx_word' id='word_1_248' title='bbox 399 3962 540 4049; x_wconf 91' lang='lat' dir='ltr'><strong>speciem</strong></span> <span class='ocrx_word' id='word_1_249' title='bbox 571 3959 676 4044; x_wconf 88' lang='lat' dir='ltr'><strong>magis</strong></span> <span class='ocrx_word' id='word_1_250' title='bbox 705 3959 801 4023; x_wconf 90' lang='lat' dir='ltr'><strong>unius</strong></span> <span class='ocrx_word' id='word_1_251' title='bbox 832 3957 975 4024; x_wconf 83' lang='lat' dir='ltr'><strong>referant</strong></span> <span class='ocrx_word' id='word_1_252' title='bbox 999 3958 1160 4024; x_wconf 88' lang='lat' dir='ltr'><strong>vocabuli.</strong></span> 
     </span>
    </p>
   </div>
   <div class='ocr_carea' id='block_1_6' title="bbox 112 4095 672 4213">
    <p class='ocr_par' dir='ltr' id='par_1_7' title="bbox 112 4095 672 4213">
     <span class='ocr_line' id='line_1_35' title="bbox 112 4095 672 4213; baseline 0 -19"><span class='ocrx_word' id='word_1_253' title='bbox 112 4095 301 4212; x_wconf 21' lang='lat' dir='ltr'><strong>’ll-‘&#39;lhiersch,</strong></span> <span class='ocrx_word' id='word_1_254' title='bbox 318 4141 420 4213; x_wconf 82' lang='lat' dir='ltr'><strong>griech.</strong></span> <span class='ocrx_word' id='word_1_255' title='bbox 439 4139 560 4196; x_wconf 82' lang='lat' dir='ltr'><strong>Gramm.</strong></span> <span class='ocrx_word' id='word_1_256' title='bbox 581 4147 603 4208; x_wconf 71' lang='grc' dir='ltr'><strong>ς.</strong></span> <span class='ocrx_word' id='word_1_257' title='bbox 617 4144 672 4195; x_wconf 86' lang='grc'>165.</span> 
     </span>
    </p>
   </div>
   <div class='ocr_carea' id='block_1_7' title="bbox 0 0 1508 4968">
    <p class='ocr_par' dir='ltr' id='par_1_8' title="bbox 0 0 1508 4968">
     <span class='ocr_line' id='line_1_36' title="bbox 0 0 1508 4968; baseline 0 0"><span class='ocrx_word' id='word_1_258' title='bbox 0 0 1508 4968; x_wconf 95' lang='lat' dir='ltr'><strong> </strong></span> 
     </span>
    </p>
   </div>
  </div>
 </body>
</html>
