3034 4964
728 369 1009 516 ,ΑΜ

344 597 511 660 transisse.
558 593 623 674 Qui
644 597 801 660 transitus
822 594 918 660 facile
939 595 1016 660 inde
1038 594 1232 682 explicatur,
1255 595 1341 684 quod
1355 597 1425 682 spiri·
1500 583 1501 626 l

342 705 395 760 tus
417 694 550 781 quidam
570 695 658 758 tenui
681 717 716 759 se
737 693 906 782 adjunxit:
939 717 1002 778 quo
1025 696 1146 759 factum
1169 705 1232 777 est,
1257 705 1290 758 ut
1311 697 1428 782 aspirata

342 793 505 859 evaderet.
549 792 648 880 Apud
670 792 816 859 Graecos
841 816 920 859 vero
942 795 976 857 in
999 795 1038 858 iis
1060 795 1266 881 potissimum
1288 793 1429 860 vocabulis
1500 819 1501 832 ¹

343 895 524 979 aspiratum
546 916 618 958 esse
639 893 847 968 observatur,
869 894 904 956 in
925 893 1043 980 quibus
1065 903 1122 957 aut
1142 893 1269 980 liquida
1288 893 1339 958 vel
1358 916 1429 958 nasa·

340 990 380 1055 lis
408 1001 537 1056 tenuem
572 995 716 1079 sequitur
752 991 859 1068 (velut
889 993 924 1056 in
954 991 1112 1078 φροίμιον
1138 1023 1180 1045 =
1206 985 1382 1076 προοίμιον
1408 1001 1431 1056 st
1500 1039 1501 1110 ,

339 1085 508 1172 πλοχ-μός
529 1115 550 1156 a
564 1087 732 1169 πλὲκ-ειν)
755 1100 812 1156 aut
827 1091 962 1156 sibilans
976 1091 1028 1157 vol
1042 1089 1164 1155 nasalis
1180 1093 1342 1156 antecedit
1354 1092 1432 1172 (velut

339 1192 372 1254 in
395 1184 493 1268 σχίζω
516 1191 669 1256 aradios
694 1189 771 1254 σκιδ
793 1200 824 1255 et
844 1184 938 1274 ἔγχος
959 1214 979 1254 a
998 1189 1110 1254 radice
1133 1181 1188 1267 oin)
1214 1197 1235 1268 ).

422 1289 552 1354 Deinde
571 1312 803 1379 nonnunquam
831 1293 865 1356 in
886 1292 927 1354 iis
956 1311 1082 1376 quoquo
1103 1289 1274 1354 vocabulis
1295 1291 1390 1354 tenuis
1407 1291 1432 1352 in

340 1392 519 1476 aspiratam
540 1391 687 1466 transiit,
708 1389 765 1452 ubi
788 1389 938 1476 sibilans,
961 1389 1101 1475 liquida,
1130 1389 1253 1453 nasalis
1274 1411 1339 1453 non
1353 1390 1451 1474 juxta,

338 1490 556 1565 inveniuntur,
577 1489 612 1552 in
634 1488 751 1576 quibus
772 1490 938 1575 aspiratae
956 1483 1116 1574 explicari
1136 1511 1201 1552 non
1220 1497 1366 1574 possunt,
1383 1489 1432 1551 nisi

340 1597 453 1654 tenues
469 1589 598 1653 omnino
620 1610 681 1675 per
696 1609 731 1652 se
745 1590 835 1674 ipsas
850 1588 893 1652 ad
906 1588 1138 1674 aspirationem
1155 1609 1339 1673 propensas
1352 1587 1433 1650 fuisse

336 1697 505 1774 putamus:
538 1685 625 1773 quod
645 1685 721 1751 li'cet
742 1687 855 1754 videre
875 1688 912 1752 'm
931 1687 1041 1752 verbis
1064 1680 1226 1762 δέχεσθαι
1253 1696 1287 1749 et
1305 1687 1402 1763 τυχεῖν
1419 1707 1434 1747 a

336 1787 504 1854 radicibus
533 1785 590 1850 δεκ
619 1795 651 1850 et
676 1808 737 1850 τυκ
765 1787 818 1862 (cf.
839 1787 985 1851 Ionicum
1015 1779 1178 1848 δέκεσθαι
1208 1795 1241 1849 et
1267 1779 1432 1857 πάνδοκος,

336 1886 547 1974 Homericum
576 1885 658 1950 illud
682 1879 855 1949 τετύκοντο
877 1895 909 1950 et
935 1884 1096 1951 vocabula
1119 1877 1271 1958 aduocat
1297 1887 1434 1967 Τεῦκρος)

336 1997 368 2050 et
388 1988 422 2050 in
444 1978 597 2072 perfectis
621 1986 785 2071 aspiratis,
808 2007 891 2072 quae
912 1994 987 2072 post
1001 1983 1106 2050 Curtii
1121 1983 1372 2070 disputationem
1391 1983 1433 2060 (of.

334 2084 596 2172 Erlauterungen
619 2108 645 2148 z.
668 2107 709 2148 m.
731 2081 852 2168 griech.
876 2078 1174 2168 Schulgrammetik
1197 2105 1273 2170 pag.
1302 2089 1436 2169 lillsqq.)

334 2207 429 2249 nemo
461 2206 520 2270 pro
552 2181 705 2269 perfectis
737 2184 868 2268 primis,
900 2205 984 2268 quae
1014 2182 1179 2264 dicuntur,
1211 2181 1353 2247 habebit.
1392 2181 1436 2244 Et-

237 2331 243 2340 ·
335 2285 421 2349 enim
459 2283 603 2346 omnium
641 2280 769 2345 illorum
802 2279 1033 2347 vocabulorum
1073 2285 1202 2344 tenuem
1236 2283 1436 2370 antiquiorem

338 2405 409 2449 esse
436 2381 597 2446 luculente
619 2389 759 2467 apparet
785 2404 851 2444 non
880 2380 985 2444 solum
1006 2403 1047 2444 ex
1069 2380 1312 2468 comparatione
1334 2402 1437 2465 cogna-

334 2493 442 2548 tarum
469 2479 655 2563 linguarum
687 2489 745 2543 aut
773 2503 884 2544 earum
912 2481 1091 2544 formarum
1114 2477 1334 2562 Graecarum,
1365 2500 1436 2565 quae

335 2590 448 2668 aperte
475 2589 602 2644 tenuem
635 2587 827 2661 servarunt,
862 2601 975 2643 verum
1009 2580 1105 2642 etiam
1139 2601 1180 2642 ex
1209 2575 1266 2642 illa
1297 2578 1436 2644 observa-

334 2683 442 2761 tione,
480 2699 576 2764 quam
613 2676 733 2763 ubique
771 2676 882 2741 valere
916 2677 1078 2742 videmus:
1115 2701 1226 2742 omnes
1262 2677 1437 2764 linguarum

335 2802 431 2846 sonos
452 2776 621 2866 paullatim
638 2775 804 2840 debilitari
824 2786 856 2840 et
870 2788 1037 2864 tamquam
1059 2775 1172 2860 adedi3
1193 2799 1268 2840 nam
1293 2779 1320 2840 si
1342 2797 1437 2840 corno·

304 2902 307 2908 ·
333 2879 529 2946 honorantur
561 2877 659 2940 etiam
690 2887 802 2940 tenues
835 2899 877 2939 ex
912 2877 1064 2962 aspiratis
1094 2883 1307 2939 nascerentur
1314 2877 1358 2957 ,²)
1389 2873 1435 2959 qui

332 2988 442 3044 tamon
465 2975 620 3042 transitus
648 2998 689 3038 ne
716 2977 750 3038 in
769 2998 832 3038 uno
855 2971 985 3062 quidem
1002 2973 1161 3038 vocabulo
1188 2973 1296 3038 adhuc
1318 2975 1435 3038 demon-

333 3077 453 3142 stratus
475 3085 523 3162 est
544 3075 597 3153 (of.
620 3073 724 3139 Curtii
747 3073 837 3138 elem.
859 3084 900 3139 et.
922 3098 970 3160 gr.
992 3097 1068 3161 pag.
1086 3079 1169 3152 458).
1214 3073 1307 3153 Quae
1334 3073 1437 3138 obser-

331 3232 540 3242 -—·-.-—-———

384 3331 409 3393 1)
426 3326 496 3379 Fere
514 3324 627 3378 eaedem
645 3323 820 3393 aspirationis
837 3322 914 3395 leges
933 3325 1017 3378 etiam
1034 3324 1064 3378 in
1081 3317 1143 3380 aliis
1161 3323 1264 3397 linguis
1282 3326 1435 3382 obser-'ratae

330 3412 408 3476 sunt,
432 3425 497 3462 nam
519 3407 670 3464 secundum
692 3406 895 3462 Schleicherum
919 3407 1025 3478 (Comp.
1046 3427 1074 3478 p.
1095 3412 1143 3462 169
1166 3413 1195 3464 ct
1214 3411 1272 3478 112)
1295 3409 1324 3461 in
1347 3409 1434 3476 lingua

329 3490 474 3547 Sanscrita
489 3491 567 3545 tenui
584 3493 729 3562 aspiratur,
748 3491 772 3544 si
789 3509 803 3564 s
821 3493 961 3546 antecedit
978 3493 1099 3562 itemque
1119 3492 1149 3546 in
1168 3492 1267 3564 lingua
1284 3491 1432 3556 Bactriana,

330 3575 379 3644 sij
399 3593 415 3645 p
433 3575 447 3629 i
464 3591 513 3630 vr
532 3593 553 3628 n
569 3591 597 3628 m
623 3579 762 3629 secuntur.
797 3575 890 3630 Etiam
915 3577 945 3629 in
967 3576 1065 3648 lingua
1083 3575 1192 3632 Graeca
1218 3593 1336 3648 sequens
1359 3590 1375 3628 σ
1396 3589 1432 3625 as-

328 3657 473 3728 pirationis
491 3659 546 3712 vim
562 3659 662 3728 habet,
685 3663 718 3711 ut
735 3657 816 3712 docet
833 3659 970 3731 seriptum
983 3675 1024 3730 χσ
1043 3663 1072 3714 et
1088 3680 1126 3731 φς
1143 3677 1194 3730 pro
1212 3659 1393 3714 vetustissima
1402 3671 1432 3706 κσ

328 3748 357 3794 et
375 3757 418 3795 πσ
434 3768 468 3788 =
486 3746 501 3803 ξ
517 3747 546 3796 et
563 3754 588 3812 ψ
604 3742 633 3796 in
651 3742 877 3813 inscriptionibus
894 3743 1104 3814 antiquioribus.
1348 3736 1351 3740 ’
1413 3763 1415 3768 ’

378 3827 406 3893 2)
423 3842 458 3879 ex
469 3825 599 3880 tenuibus
618 3831 773 3880 nascuntur
790 3827 937 3896 aspiratae,
957 3827 985 3880 si·
998 3827 1126 3882 clausura
1144 3827 1208 3895 oris,
1227 3842 1283 3898 qua
1295 3827 1329 3880 ad
1340 3829 1428 3895 tenues

330 3909 551 3978 pronuntiandas
576 3927 646 3980 opus
671 3909 860 3980 estpaullum
884 3910 1009 3981 laxatur,
1033 3916 1065 3966 ut
1088 3911 1201 3982 spiritus
1220 3891 1428 3980 {massadae

327 3993 428 4062 possit:
456 3992 491 4048 cf.
515 3992 589 4066 infra
605 4011 665 4064 cap.
685 3993 735 4047 IX.
756 3998 785 4046 et
807 3994 919 4058 omnino
936 3994 1062 4064 Briicka,
1086 3993 1210 4051 Grandia
1229 3997 1257 4050 d.
1275 3985 1426 4065 asystati

327 4073 508 4148 Sprachlaute
524 4095 590 4150 pag.
608 4081 717 4132 57-59.
834 4141 837 4149 ⁴
