3148 4958
672 423 711 487 33

38 659 42 668 ,
130 603 185 668 De
217 625 283 688 qua
313 601 526 692 productione
552 602 740 667 Priscianus
769 601 815 686 Π,
845 608 879 684 7,
908 609 957 686 37,
988 603 1070 670 haec
1100 605 1250 693 praebet:

133 708 233 778 „bow
262 715 368 766 contra
395 708 526 782 rapulam
555 705 757 782 percellimus
782 708 899 764 voculas
923 710 1109 782 producunt:
1131 712 1249 773 Aeoli-

130 809 209 886 des,
225 807 408 870 Demades
425 825 484 880 per
505 803 681 880 synaeresin
699 797 764 879 pro'
780 807 954 884 Demeades,
976 807 1049 868 Ood
1057 811 1167 882 rides,
1187 813 1251 886 Ly·

131 907 342 981 coorpides,
373 903 552 979 Lapides,
581 903 759 964 Belides.“
801 899 854 966 De
885 907 1031 969 Demuda
1061 903 1100 969 cf.
1132 907 1162 985 ξ.
1184 909 1250 987 32.;

129 999 217 1064 imde
238 1004 387 1077 Aeolides,
418 998 503 1085 quod
524 997 679 1062 Hertzius
709 1020 768 1084 pro
790 1003 926 1064 Aeolides
947 1001 1078 1088 vulgato
1099 1006 1250 1088 restituit,

129 1110 160 1163 et
185 1101 329 1166 Oodrtdes
350 1097 519 1180 fluxerint,
551 1119 616 1162 non
637 1096 753 1184 liquet3
782 1121 867 1164 nuno
896 1103 981 1166 enim
1011 1102 1100 1189 apud
1128 1103 1250 1168 nullum

127 1207 261 1285 poetam
282 1198 498 1264 inveniuntur.
543 1195 681 1283 Reliqua
702 1205 809 1260 autem
831 1209 919 1262 recte
935 1222 1004 1265 sese
1018 1200 1148 1268 habent.
1170 1207 1250 1266 Λα-

127 1291 242 1381 γείδης
271 1300 356 1362 enim
383 1296 502 1381 legitur
532 1295 620 1382 apud
649 1295 786 1360 Theocr.
811 1303 858 1378 17,
884 1306 930 1380 14,
951 1301 972 1376 ¹)
1003 1299 1055 1364 vel
1076 1302 1183 1386 potius
1203 1301 1251 1366 ibi

125 1395 364 1462 restituendum
387 1405 444 1459 est.
489 1393 595 1474 Quam
617 1395 702 1458 enim
719 1396 917 1482 scripturam
942 1398 1069 1464 codices
1093 1399 1251 1486 praebent
1363 1423 1366 1426 ·

437 1487 587 1576 Λαγίὸᾰς
609 1488 627 1558 ὁ
649 1497 917 1575 Πτολεμαῖος-

126 1618 200 1660 eam
223 1593 432 1660 falsissimam
455 1617 527 1659 esse
548 1605 695 1682 apparet.
740 1594 850 1675 Quare
872 1605 1008 1682 propter
1036 1597 1121 1663 huno
1142 1601 1249 1686 ipsum

124 1695 291 1759 Prisciani
320 1693 428 1758 locum
452 1716 523 1758 cum
547 1692 666 1760 Geiero
689 1693 742 1771 (de
763 1693 898 1760 Ptolem.
921 1695 1006 1780 Lagi
1026 1697 1125 1776 vita),
1153 1720 1247 1782 quem

125 1793 330 1860 Fritzschius
342 1792 462 1880 aliique
477 1793 578 1858 secuti
591 1804 676 1875 sunt,
686 1786 861 1878 Λαγείδης
870 1793 1077 1860 scribendum
1089 1819 1160 1861 esse
1173 1820 1249 1862 cen·

125 1917 179 1960 seo
188 1917 251 1981 per
263 1915 294 1956 es
305 1892 552 1979 diphthongum,
565 1893 617 1957 cui
631 1894 664 1956 in
675 1892 776 1958 latino
788 1915 935 1958 sermone
944 1898 955 1954 i
959 1893 1057 1977 longa
1064 1897 1248 1981 respondet.

185 1992 320 2058 Deinde
342 1997 544 2072 Lyoooryides
572 1993 641 2056 sive
661 1996 846 2071 Lycurqtdcs
871 1993 1034 2057 invenitur
1066 1993 1155 2080 apud
1186 1995 1248 2064 OV.

123 2092 169 2157 lb.
190 2099 264 2160 501.
290 2127 330 2137 -
353 2091 493 2177 Saepius
526 2091 645 2176 legitur
665 2096 783 2156 Belides
805 2090 913 2176 (Verg.
936 2090 1017 2156 Aen.
1040 2097 1077 2166 2,
1102 2097 1157 2175 82;
1187 2093 1248 2160 Ov.

124 2191 190 2260 her.
219 2200 269 2274 14,
287 2196 345 2273 733
367 2189 449 2256 Stat.
475 2190 577 2256 Theb.
593 2195 622 2270 6,
638 2196 720 2268 net).
743 2225 782 2234 -
804 2188 955 2277 Denique
977 2190 1144 2274 accedunt,
1168 2215 1250 2279 quae

123 2291 317 2360 Priscianus
351 2312 416 2354 non
446 2289 569 2371 attulit,
598 2294 777 2369 Amycle-des
798 2288 861 2377 Ov.
882 2299 957 2355 met.
984 2299 1030 2372 10,
1056 2296 1128 2368 162,
1158 2293 1248 2379 eujus

126 2391 328 2476 primitivum
348 2382 524 2469 Ἀμύκλα-ς
546 2398 595 2453 est
625 2389 675 2464 (cf.
696 2387 805 2474 Apoll.
828 2394 862 2470 3,
887 2395 940 2471 10,
963 2393 1003 2471 3),
1034 2399 1064 2454 et
1086 2396 1245 2470 Dryante-

124 2497 184 2574 des,
200 2491 296 2576 cujus
308 2489 512 2575 primitivum
530 2480 643 2570 Δρύας
657 2481 843 2568 Aeriam-og
863 2499 912 2554 est
928 2489 997 2565 (cfr.
1014 2491 1043 2570 ξ.
1062 2495 1100 2558 28
1116 2491 1246 2569 adnot).

184 2590 282 2654 Haec
302 2589 401 2673 igitur
423 2588 721 2674 patronymicorum
743 2586 892 2652 formatio
921 2591 1063 2655 maxime
1090 2589 1178 2676 apud
1199 2590 1245 2654 la-

123 2691 208 2755 tinos
225 2698 350 2776 poetas,
365 2688 515 2773 inprimis
527 2685 616 2772 apud
631 2683 786 2750 Ovidium
800 2687 971 2752 invenitur.
1014 2685 1068 2751 Ex
1083 2710 1146 2774 quo
1169 2711 1247 2754 con-

125 2789 257 2854 cludere
272 2809 338 2852 non
358 2785 435 2850 licet
457 2807 477 2849 a
495 2783 635 2871 Graecis
648 2806 719 2848 eam
739 2783 835 2869 plane
854 2785 993 2850 alienam
1010 2785 1119 2852 luisse.
1162 2787 1247 2854 Nam

124 2878 522 2974 praesumpsissent
540 2883 908 2950 cumincodicibusnon
929 2884 1056 2970 legatur
1077 2887 1156 2952 nihil
1179 2911 1248 2953 mo-

123 2989 225 3053 menti
239 2985 376 3067 tribuas,
389 2977 579 3068 Κυθνείδης
591 2981 862 3070 andronymicum
873 2993 990 3067 exstat,
1003 2987 1094 3072 cujus
1110 2987 1248 3071 primiti·

122 3109 201 3152 vum
215 3079 356 3158 Kaidros
369 3106 440 3150 esse
453 3081 700 3148 Choerobosous
713 3079 833 3159 (Crem.
849 3104 900 3147 an.
911 3083 956 3168 II,
969 3106 1001 3168 p.
1014 3087 1085 3163 201)
1096 3094 1245 3151 testatur.

185 3185 264 3251 Jam
291 3181 452 3270 quomodo
482 3202 512 3243 ει
536 3181 756 3268 diphthongus
783 3182 817 3246 in
846 3180 896 3246 his
925 3184 1161 3269 patronymicis
1192 3207 1246 3248 ex·

127 3281 285 3369 plicando
313 3284 373 3364 sit,
401 3281 614 3367 inquiramus.
657 3279 708 3344 Ac
735 3301 808 3344 mea
836 3279 966 3367 quidem
988 3284 1146 3348 sententia
1167 3283 1249 3348 haec

126 3404 169 3448 ex
202 3381 286 3447 falsa
318 3380 470 3467 analogia
499 3401 626 3461 eorum,
650 3368 778 3468 ¹quaec
807 3378 958 3446 thematis
986 3381 1019 3445 in
1042 3402 1077 3444 ευ
1100 3381 1249 3447 derivata

125 3491 217 3564 sunt,
248 3483 333 3546 istuc
362 3480 495 3545 inducta
515 3488 573 3544 est.
600 3477 790 3544 Tenendum
812 3480 896 3544 enim
919 3481 1076 3545 memoria
1097 3490 1162 3566 est,
1187 3480 1246 3546 has

124 3579 251 3646 formas
281 3579 337 3646 illo
371 3577 499 3644 demum
530 3588 675 3664 tempore
708 3588 854 3661 exstare,
883 3602 946 3666 quo
972 3600 1002 3642 ει
1022 3590 1054 3644 et
1074 3601 1087 3642 ι
1109 3578 1246 3645 eundem

123 3678 268 3744 habebat
296 3699 420 3746 sonum.
464 3677 573 3758 Quare
602 3675 853 3762 andronymica,
884 3700 1007 3766 quase
1033 3679 1184 3745 thematis
1212 3681 1246 3744 in

121 3833 334 3848 ,.—-.—...

196 3931 221 3992 1)
239 3927 398 3982 Lobeckius
424 3928 532 3998 (parall.
561 3946 590 3999 p.
609 3930 642 3994 7),
654 3929 822 3999 Acciri-dag
846 3929 1021 3984 scribendum
1042 3947 1101 3984 esse
1119 3931 1245 4002 conjecit.

123 4009 281 4064 Meinekius
298 4013 407 4083 scripsit
424 4011 611 4082 ,toy-sci-dqr,
631 4013 680 4066 sed
703 4013 732 4066 in
756 4014 982 4068 adnotationibus
1007 4015 1153 4083 Λαγείδης
1175 4032 1246 4068 oom-

122 4093 262 4162 probavit.

1019 4186 1034 4234 3
