3070 4962
585 477 641 540 163

72 651 311 736 terminationes,
330 653 364 717 in
386 653 502 740 quibus
525 679 547 719 or
568 657 738 743 reperitur,
762 645 962 720 emendanda
980 677 1050 720 esse
1070 678 1169 742 appa-

73 761 127 832 ret,
156 755 307 837 quoniam
337 752 432 819 huius
464 779 539 821 usus
571 755 788 821 inconstantia
817 753 864 818 illi
892 755 1029 840 tempori
1049 753 1170 818 tributa

74 852 148 914 omni
168 852 295 916 ratione
317 863 458 937 careret,
483 878 554 920 cum
576 857 610 919 in
632 851 749 942 prosae
771 855 924 918 orationis
948 853 1170 940 scriptoribus,

74 969 133 1012 cum
146 949 179 1013 in
195 951 326 1036 optimis
349 951 460 1036 titulis,
484 955 540 1040 qui
558 953 752 1039 multo-post
766 961 934 1038 poetarum
957 962 1095 1017 aetatem
1116 977 1170 1017 ex-

74 1049 147 1111 arati
168 1059 252 1132 sunt,
273 1049 393 1135 ubique
414 1073 433 1135 η
455 1053 550 1116 nobis
572 1061 729 1118 occurrat.
774 1051 884 1131 Quid?
907 1051 992 1138 quod
1006 1053 1040 1115 in
1060 1053 1172 1116 inscri-

73 1146 222 1231 ptionibus
253 1148 445 1214 Sarmaticis
469 1157 671 1218 2117-2119
709 1143 890 1234 coronatos
921 1159 952 1214 et
978 1144 1168 1234 Θευδοσίης,

60 1252 140 1313 42108
162 1247 350 1333 Δημητρίης
369 1248 497 1335 legitur,
528 1252 561 1314 in
590 1250 715 1314 Iasensi
737 1255 835 1332 2672,
858 1248 1038 1313 Alexandri
1059 1249 1171 1335 Magni

73 1353 203 1431 tempore
226 1347 391 1433 insculpta
411 1348 431 1412 l.
449 1355 483 1412 5:
505 1350 634 1434 μικρῆς,
658 1349 678 1414 l.
700 1357 751 1416 to:
773 1341 960 1432 προεδρίην,
987 1371 1172 1436 quanquam

73 1442 108 1506 ibi
136 1445 199 1508 iam
230 1445 331 1510 multa
352 1425 498 1532 vdlgaris
532 1447 662 1512 dialecti
693 1449 832 1532 vestigia
864 1446 1171 1534 deprehenduntur?

74 1541 173 1621 Quid?
196 1543 284 1630 quod
306 1567 370 1609 non
393 1545 495 1610 solum
517 1549 551 1610 in
571 1549 708 1611 vetustis
730 1547 886 1628 nummis,
915 1545 1090 1611 sedetiam
1112 1547 1173 1612 Oa-

74 1642 200 1706 raoallae
222 1653 254 1708 et
277 1642 391 1708 Severi
410 1643 592 1710 Alexandri
612 1655 757 1732 tempore
778 1646 899 1709 incusis
920 1667 1036 1709 nomen
1056 1638 1171 1732 Ὀλβίη

74 1740 202 1826 legitur?
245 1741 357 1822 Quid?
399 1743 483 1807 Num
510 1744 632 1830 ambigi
660 1753 767 1831 potest
794 1745 834 1808 de
855 1766 874 1829 η
898 1745 1096 1810 restituendo
1128 1748 1173 1809 in-

75 1842 179 1925 spectis
201 1840 312 1906 verbis
333 1844 539 1928 grammatici
562 1844 669 1910 Oram.
690 1842 751 1908 An.
764 1842 827 1908 Ox.
843 1843 868 1925 I,
885 1848 955 1924 265,
977 1848 1010 1907 c:
1032 1841 1070 1907 τὸ
1092 1842 1174 1920 λαὸς

74 1930 222 2021 ἄτρεπτον
244 1933 352 2020 ἔμεινε
370 1933 447 2026 παρ’
470 1936 613 2028 Ὁμήρῳ,
631 1935 742 2005 καίτοι
763 1945 802 2030 τῇ
823 1938 1077 2027 μεταγενεστὲρᾳ
1089 1935 1172 2006 Ἰάδι

74 2033 192 2116 τραπέν.
234 2037 334 2125 Ληὸν
367 2033 395 2102 δ’
427 2033 580 2128 ἀθρήσας
597 2045 627 2122 ¹).
667 2036 839 2119 Ἱππῶναξ
867 2042 917 2120 (fr.
947 2036 997 2118 8'8)
1027 2044 1083 2128 qui
1112 2065 1172 2106 nos

75 2139 214 2202 certiores
234 2139 335 2203 faciat
357 2142 453 2205 etiam
474 2141 727 2228 iambographos
753 2151 785 2205 ut
805 2150 927 2204 ceteros
948 2141 1044 2205 Ionas
1065 2162 1173 2205 recen-

75 2237 160 2300 tiores
180 2237 232 2302 vel
254 2237 311 2302 ubi
332 2238 494 2305 Homerus
516 2265 536 2304 u
557 2243 698 2324 retinuit,
720 2263 739 2324 η
762 2241 894 2305 dixisse.

125 2352 247 2418 Eodem
271 2354 366 2420 modo
388 2355 476 2442 apud
498 2363 611 2442 poetas
640 2355 818 2442 elegiacos,
848 2357 903 2444 qui
931 2357 966 2419 in
987 2356 1079 2420 Ionia
1104 2358 1173 2420 nati

76 2461 149 2535 sunt,
170 2452 292 2541 ubique
313 2476 333 2538 η
355 2453 588 2518 restituendum
610 2463 674 2537 est,
694 2455 749 2520 ubi
778 2455 866 2542 apud
887 2455 1064 2519 Homerum
1088 2465 1119 2519 et
1139 2457 1173 2519 in

77 2554 241 2618 recentiore
262 2544 341 2617 Iade
363 2563 511 2640 apparet,
533 2552 646 2616 veluti:
673 2553 753 2620 call.
766 2561 792 2636 1,
807 2561 858 2622 to:
881 2547 999 2634 ἔμπας.
1023 2554 1171 2640 Xenoph.

79 2657 98 2732 1,
109 2657 146 2716 ⁸4:
177 2643 310 2740 πρατήρ.
351 2651 462 2716 Aliam
495 2653 580 2716 enim
607 2651 779 2717 dialectum
809 2655 900 2738 sequi
927 2676 992 2719 non
1013 2663 1171 2738 poterant.

77 2745 146 2825 λαὸς
170 2752 311 2816 formam
339 2752 478 2816 fortasse
506 2773 547 2818 ex
568 2751 711 2816 Homero
739 2755 940 2817 retinuerunt
962 2752 1042 2818 Call.
1068 2759 1099 2835 1,
1127 2759 1172 2820 18.

77 2845 145 2916 Xen.
167 2857 196 2935 2,
221 2857 268 2917 15.

127 2965 298 3031 Difficilior
330 2974 378 3030 est
411 2970 557 3053 quaestio
580 2965 619 3032 de
643 2968 757 3030 ceteris
787 2968 908 3054 poetis,
938 2967 1078 3052 quinon
1100 2975 1174 3030 sunt

76 3063 189 3132 lonicae
217 3066 340 3151 stirpis.
385 3065 466 3131 Cum
489 3067 572 3130 enim
589 3068 687 3130 etiam
706 3067 739 3128 in
760 3065 831 3130 aliis
846 3065 943 3153 rebus
966 3066 1093 3150 epicam
1114 3088 1171 3150 pa-

76 3165 130 3228 tria
148 3165 284 3232 dialecto
306 3166 577 3251 temperaverint,
608 3166 694 3230 idem
716 3165 844 3229 videtur
866 3161 1071 3228 statuendum
1092 3184 1172 3244 esse,

77 3261 123 3326 ubi
142 3287 159 3326 α
180 3264 337 3330 traditum
358 3272 407 3327 est
421 3265 454 3341 ²).

129 3377 229 3467 Atque
251 3380 285 3442 in
308 3377 435 3443 Solonis
459 3379 588 3466 quidem
617 3379 763 3466 reliquiis
792 3386 922 3442 exstant
944 3376 1083 3452 (dativus
1105 3373 1174 3462 plu-

78 3475 144 3540 ralis
161 3479 186 3544 Ι.
208 3477 287 3543 dccl.
312 3477 398 3541 infra
421 3477 580 3558 afferam:
604 3478 700 3563 eleg.
722 3487 751 3560 4,
775 3485 806 3543 1:
835 3471 985 3562 ἡμετέρα,
1011 3481 1173 3556 2527190·

78 3570 194 3654 θέντας,
218 3584 272 3646 26:
293 3567 353 3662 βίᾳ
374 3576 503 3661 (legitur
525 3571 583 3660 pta
606 3577 693 3664 apud
715 3575 904 3656 Demosth.),
924 3581 977 3642 32:
999 3565 1169 3651 δυσνομία,

139 3856 162 3921 1)
179 3856 244 3909 Cum
261 3857 384 3928 Bergkio
404 3855 430 3908 δ’
448 3855 563 3923 inserui,
585 3859 617 3908 ut
633 3856 702 3908 haec
718 3854 804 3910 verba
821 3855 857 3909 ad
878 3855 982 3908 iambos
1000 3857 1172 3908 revocentur.

140 3956 164 4022 2)
182 3953 220 4011 cf.
238 3955 439 4009 Schneidewini
464 3955 606 4026 egregium
631 3953 768 4022 libellum,
795 3955 872 4008 cuius
896 3953 993 4007 titulus
1014 3958 1068 4006 est:
1093 3951 1173 4024 „Bei-

79 4037 152 4106 trige
169 4055 213 4091 zur
229 4037 321 4095 Kritik
339 4041 389 4094 der
405 4041 503 4110 potitae
522 4039 572 4109 lyr.
590 4037 698 4106 Graeci,
717 4035 870 4108 Gdttingen
885 4039 965 4092 1814ιι
982 4053 1046 4108 pag.
1064 4039 1106 4106 48,
1124 4036 1173 4091 ubi

80 4124 166 4174 censet
182 4143 198 4175 α
213 4125 326 4178 maxime
343 4129 407 4195 post
426 4143 442 4196 ρ
459 4124 578 4194 positum
595 4138 663 4176 esse.

913 4206 963 4260 tt*
