3008 4968
379 516 381 524 ,
473 425 709 517 με.

65 601 159 686 sorma
178 603 353 688 reperitur:
377 601 454 669 Sim.
471 609 498 680 7,
522 609 579 672 105
594 596 637 678 ἒς
657 601 762 688 μάχην
785 609 844 671 106
860 593 933 666 οὐδ’
958 595 993 680 ἐς
1007 593 1115 688 οἰκίην
1129 603 1165 688 ΙΙ.

66 699 155 786 Hipp.
176 709 215 766 tr.
238 708 272 768 6:
295 697 335 777 ἒς
356 697 543 788 φαρμακόν.
566 701 680 768 Addas
701 701 800 768 Arch.
821 711 893 768 tetr.
914 707 969 769 52:
991 698 1023 778 ἐς
1043 696 1164 768 Θάσον.

66 798 247 884 Longiorem
268 801 405 866 formam
435 803 469 865 in
491 805 686 868 tetrametris
716 801 896 871 adhibitam
916 802 1080 879 videmus,
1108 801 1165 866 ubi

65 897 156 962 altera
183 907 285 964 metro
312 923 377 965 non
403 900 521 966 idonea
543 910 605 966 est:
641 900 739 966 Arch.
771 906 824 980 74,
845 907 865 968 6
887 892 1033 981 εἰσορῶν.
1066 907 1120 982 78,
1146 906 1166 966 2

65 988 246 1086 εἰσενεηκών
261 988 287 1065 '5
310 992 358 1075 εἰς
380 992 544 1086 ἀναιδίην.
588 1000 712 1067 Contra
739 1007 893 1088 corrupta
920 999 1072 1066 habenda
1094 1009 1168 1065 sunt

65 1093 153 1181 Hipp.
169 1104 208 1162 tr.
231 1105 278 1173 46,
300 1105 319 1166 2
341 1091 389 1175 εἰς
403 1093 567 1185 Μίλητον.
590 1099 658 1167 48*
681 1092 728 1175 εἰς
743 1091 854 1181 ἄκρον.
894 1099 1029 1165 Praeter
1048 1121 1166 1186 prosae

66 1195 229 1280 scriptores
251 1199 348 1262 etiam
369 1201 483 1285 optimi
505 1199 591 1264 tituli
611 1221 670 1264 nos
692 1207 835 1278 monent,
857 1209 893 1264 ut
914 1201 960 1264 ita
980 1195 1165 1263 sentiamus.

65 1291 139 1356 Nam
161 1289 195 1368 ἐς
215 1294 333 1381 legitur
354 1298 388 1361 in
408 1297 483 1362 Hal.
495 1297 514 1361 l.
537 1304 577 1364 40
600 1291 908 1382 ἐςἎλικαρνησσόν,
931 1298 965 1361 in
980 1295 1062 1362 Τοῑο
1078 1300 1167 1374 3044,

65 1392 144 1458 647
163 1387 197 1468 ἐς
218 1397 285 1479 γῆν,
310 1402 349 1464 48
372 1389 573 1479 ἐσάγεσθαι,
603 1405 640 1465 51
676 1391 875 1476 ἐσαχθέντα,
913 1398 948 1460 in
969 1396 1036 1482 sig.
1070 1400 1103 1463 8:
1135 1390 1168 1471 ἐς

65 1485 262 1579 σροεανήϊον,
279 1493 397 1582 Amph.
414 1499 502 1574 2008,
512 1502 553 1576 ¹16
576 1491 610 1573 ἐς
623 1491 751 1583 στήλην,
773 1496 893 1584 Ephes.
916 1501 1006 1574 2953,
1021 1502 1040 1563 6
1063 1489 1097 1571 ἐς
1110 1491 1168 1582 τὴν

66 1584 172 1678 δεξιήν.
193 1629 235 1640 -
345 1589 350 1598 ”

136 1690 273 1778 Propter
288 1691 449 1780 duplicem
471 1717 645 1760 consonam
665 1696 760 1762 Iones
782 1695 978 1760 recentiores
1000 1694 1096 1758 ctiam
1121 1693 1167 1758 di·

66 1810 184 1872 gamma
211 1792 259 1870 15),
283 1793 369 1880 quod
385 1793 427 1858 ab
450 1796 575 1880 origine
598 1803 668 1859 erat
689 1796 723 1859 in
744 1794 850 1859 fronte
864 1791 958 1856 verbi
978 1785 1061 1875 ἔργω
1077 1815 1167 1878 pror-

67 1909 110 1950 sus
137 1889 343 1976 neglegentes
371 1915 436 1958 non
467 1917 540 1958 cum
566 1893 684 1959 Atticis
719 1885 817 1978 εἴργω
851 1891 1012 1956 dixerunt.
1055 1892 1168 1979 ltaque

66 1988 282 2074 corrigendum
303 2001 352 2056 est
372 1992 478 2058 Anan.
501 2002 541 2058 tr.
565 1996 592 2072 3,
625 2000 655 2058 l:
693 1984 741 2055 Εἴ
764 2014 814 2068 τις
843 1983 1022 2072 καθείρξαι
1050 1987 1169 2070 χρυσὸν

67 2079 93 2146 ἐν
107 2081 223 2166 δόμοις
238 2083 368 2154 πολλόν
383 2091 394 2176 ll
412 2140 419 2155 .
461 2091 551 2157 Idem
568 2091 740 2158 dicendum
754 2091 884 2156 videtur
908 2087 949 2153 de
963 2089 1042 2154 locis
1059 2089 1168 2156 Theo-

68 2185 182 2266 gnideis
203 2210 269 2253 vss.
291 2192 360 2256 686.
385 2195 455 2257 710.
485 2198 577 2272 1180,
605 2191 662 2256 ubi
689 2190 787 2276 vulgo
815 2183 913 2274 εἴργειν
935 2187 1067 2274 legitur,
1096 2212 1169 2253 cum

68 2280 185 2350 brevior
205 2287 311 2352 forma
332 2292 522 2355 vetustioris
546 2312 673 2378 quoquc
694 2289 783 2354 Iadis
812 2297 941 2376 praetor
970 2283 1072 2370 ἐέργω
1095 2311 1169 2376 pro·

9 2447 10 2450 ,
67 2383 129 2466 pria
148 2386 197 2448 sit
1066 2405 1070 2412 ·

139 2481 233 2563 δείξω
256 2494 369 2550 contra
391 2485 457 2552 sol.
487 2494 540 2567 to,
571 2495 582 2553 1
623 2496 655 2552 et
685 2480 789 2565 ἔδειξε
817 2486 962 2574 Theogn.
994 2493 1055 2556 566
1083 2496 1170 2552 certe

68 2594 142 2648 recte
162 2607 233 2650 sese
248 2583 378 2670 habent.
399 2584 469 2651 Soli
484 2589 570 2652 enim
591 2588 787 2682 recentiores
802 2585 897 2652 Iones
923 2579 1006 2664 δέξω
1028 2580 1170 2665 ο1ἐθεξα

69 2680 216 2750 dicebant

136 2783 305 2850 Postremo
327 2781 512 2848 Herodotus
531 2781 671 2870 ¹quidem
700 2785 735 2847 in
754 2783 915 2848 femininis
938 2782 1170 2848 adiectivorum

71 2881 211 2970 vulgo'in
233 2904 279 2959 σς,
304 2903 369 2958 stu,
393 2905 411 2944 ο
436 2884 622 2948 exeuntium
643 2885 711 2948 iota
733 2879 849 2947 ouiittit
875 2903 977 2969 aeque
999 2905 1037 2946 ac
1058 2880 1171 2947 Lesbii

70 2989 95 3044 et
112 2981 216 3048 Dores
228 2982 278 3065 16),
302 2981 390 3068 apud
410 3003 490 3068 quos
505 2981 558 3044 hic
573 3003 652 3050 usus
666 2982 718 3046 vel
739 2981 835 3046 latius
856 2991 962 3068 patet3
984 2981 1041 3045 sed
1063 2991 1171 3045 tamen

70 3099 132 3144 cum
157 3080 282 3146 nullum
308 3080 383 3145 talis
413 3082 626 3165 correptionis
654 3080 837 3167 exemplum
863 3079 952 3166 apud
986 3079 1170 3164 iambogra-

70 3176 143 3261 phos
164 3189 277 3260 exstet,
298 3179 418 3266 ubique
440 3179 567 3266 plenior
587 3180 693 3244 forma
708 3188 881 3266 appareat:
903 3178 1002 3243 Arch.
1025 3179 1088 3243 ino.
1113 3183 1170 3244 185

70 3279 186 3356 παχεῖα.
231 3278 309 3344 Sim.
333 3283 365 3356 7,
386 3284 426 3345 66
446 3279 601 3361 βαθεῖαν.
632 3285 670 3344 75
692 3279 837 3362 βραχεῖα.
881 3277 983 3364 Hipp.
1012 3287 1052 3342 tr.
1078 3282 1171 3355 162

73 3372 204 3462 δασεῖαν,
225 3366 247 3444 3x
267 3370 445 3462 δσσείησιν.
467 3385 520 3457 47,
542 3384 561 3444 2
587 3372 742 3461 Τρηχείης
763 3397 798 3439 τε
820 3372 878 3440 καὶ
901 3371 1044 3462 Λέπρης
1064 3367 1172 3460 ἀκοῆς,

73 3485 202 3542 statuere
216 3479 363 3563 cogimur
378 3476 464 3542 hano
477 3476 620 3550 litterae,
625 3475 777 3551 ‚mobilis‘
782 3483 791 3514 ‘
806 3478 874 3561 iota
889 3475 1094 3541 omissionem
1106 3497 1171 3540 non

73 3577 208 3641 omnium
233 3576 346 3642 Ionum
384 3577 553 3664 propriam
583 3573 691 3640 fuisse.
734 3575 825 3640 Idem
859 3575 967 3661 colligi
997 3582 1103 3661 potest
1130 3595 1172 3638 ex

76 3671 246 3742 Democriti
266 3674 447 3763 fragmento
473 3674 618 3762 physico,
641 3675 727 3761 quod
753 3676 787 3739 in
809 3673 950 3762 Etymol.
971 3674 1013 3738 M.
1040 3673 1172 3737 affertur

74 3773 126 3837 sub
147 3797 222 3842 voce
243 3771 382 3840 σε’νωτσι
404 3775 517 3861 „rpvypj
539 3764 629 3859 ἰθείη
651 3775 812 3839 oronam
855 3774 987 3862 Optimo
1014 3774 1084 3838 iure
1112 3773 1172 3858 igi·

75 3925 271 3941 h

137 4012 175 4079 ιε)
192 4009 310 4066 omnm.
321 3984 386 4066 'roa
405 4013 429 4065 ε.

138 4097 177 4162 16)
193 4095 306 4151 Bredov.
327 4099 374 4148 157
392 4109 450 4166 sqq.
466 4093 534 4146 Ahr.
552 4090 574 4160 l,
595 4095 642 4146 106
661 4107 700 4160 sq.
719 4088 757 4159 11,
777 4093 833 4144 188.
