<?xml version="1.0" encoding="UTF-8"?>
<!DOCTYPE html PUBLIC "-//W3C//DTD XHTML 1.0 Transitional//EN"
    "http://www.w3.org/TR/xhtml1/DTD/xhtml1-transitional.dtd">
<html xmlns="http://www.w3.org/1999/xhtml" xml:lang="en" lang="en">
 <head>
  <title>
</title>
<meta http-equiv="Content-Type" content="text/html;charset=utf-8" />
  <meta name='ocr-system' content='tesseract 3.04.00' />
  <meta name='ocr-capabilities' content='ocr_page ocr_carea ocr_par ocr_line ocrx_word'/>
</head>
<body>
  <div class='ocr_page' id='page_1' title='image "./studienzurgriec00vanigoog_0496.png"; bbox 0 0 3088 4966; ppageno 0'>
   <div class='ocr_carea' id='block_1_1' title="bbox 861 438 921 502">
    <p class='ocr_par' dir='ltr' id='par_1_1' title="bbox 861 438 921 502">
     <span class='ocr_line' id='line_1_1' title="bbox 861 438 921 502; baseline 0.05 -4"><span class='ocrx_word' id='word_1_1' title='bbox 861 438 921 502; x_wconf 80' lang='lat'>208</span> 
     </span>
    </p>
   </div>
   <div class='ocr_carea' id='block_1_2' title="bbox 332 615 1535 3184">
    <p class='ocr_par' dir='ltr' id='par_1_2' title="bbox 332 615 1535 2783">
     <span class='ocr_line' id='line_1_2' title="bbox 335 615 1444 708; baseline 0.002 -28"><span class='ocrx_word' id='word_1_2' title='bbox 335 619 456 682; x_wconf 88' lang='lat' dir='ltr'>tatione</span> <span class='ocrx_word' id='word_1_3' title='bbox 473 615 642 702; x_wconf 79' lang='lat' dir='ltr'>Euripidis</span> <span class='ocrx_word' id='word_1_4' title='bbox 663 616 865 702; x_wconf 84' lang='lat' dir='ltr'>tragoediam</span> <span class='ocrx_word' id='word_1_5' title='bbox 887 619 1064 708; x_wconf 79' lang='lat' dir='ltr'>perstringi</span> <span class='ocrx_word' id='word_1_6' title='bbox 1087 616 1321 682; x_wconf 70' lang='lat' dir='ltr'>statuerimus?</span> <span class='ocrx_word' id='word_1_7' title='bbox 1358 617 1444 682; x_wconf 89' lang='lat' dir='ltr'>Post·</span> 
     </span>
     <span class='ocr_line' id='line_1_3' title="bbox 334 713 1444 804; baseline 0.001 -24"><span class='ocrx_word' id='word_1_8' title='bbox 334 739 457 780; x_wconf 88' lang='lat' dir='ltr'>remum</span> <span class='ocrx_word' id='word_1_9' title='bbox 478 738 520 779; x_wconf 90' lang='lat' dir='ltr'>ne</span> <span class='ocrx_word' id='word_1_10' title='bbox 540 713 602 779; x_wconf 91' lang='lat' dir='ltr'>hoc</span> <span class='ocrx_word' id='word_1_11' title='bbox 623 715 753 802; x_wconf 89' lang='lat' dir='ltr'>quidem</span> <span class='ocrx_word' id='word_1_12' title='bbox 775 715 1098 802; x_wconf 86' lang='lat' dir='ltr'>praetermittendum</span> <span class='ocrx_word' id='word_1_13' title='bbox 1126 725 1189 798; x_wconf 91' lang='lat' dir='ltr'>est,</span> <span class='ocrx_word' id='word_1_14' title='bbox 1220 715 1309 804; x_wconf 88' lang='lat' dir='ltr'>quod</span> <span class='ocrx_word' id='word_1_15' title='bbox 1331 717 1373 781; x_wconf 87' lang='lat' dir='ltr'>dc</span> <span class='ocrx_word' id='word_1_16' title='bbox 1394 739 1444 781; x_wconf 90' lang='lat' dir='ltr'>vo·</span> 
     </span>
     <span class='ocr_line' id='line_1_4' title="bbox 335 806 1445 901; baseline 0 -23"><span class='ocrx_word' id='word_1_17' title='bbox 335 815 424 880; x_wconf 85' lang='lat' dir='ltr'>cibus</span> <span class='ocrx_word' id='word_1_18' title='bbox 446 806 545 876; x_wconf 79' lang='grc' dir='ltr'><em>ἐλαία</em></span> <span class='ocrx_word' id='word_1_19' title='bbox 573 824 605 878; x_wconf 90' lang='lat' dir='ltr'>et</span> <span class='ocrx_word' id='word_1_20' title='bbox 625 807 710 877; x_wconf 77' lang='grc' dir='ltr'><em>ἐλάα</em></span> <span class='ocrx_word' id='word_1_21' title='bbox 729 817 937 901; x_wconf 87' lang='lat' dir='ltr'>grammatici</span> <span class='ocrx_word' id='word_1_22' title='bbox 970 817 1088 880; x_wconf 86' lang='lat' dir='ltr'>mirum</span> <span class='ocrx_word' id='word_1_23' title='bbox 1119 823 1274 900; x_wconf 85' lang='lat' dir='ltr'>quantum</span> <span class='ocrx_word' id='word_1_24' title='bbox 1306 817 1393 880; x_wconf 89' lang='lat' dir='ltr'>inter</span> <span class='ocrx_word' id='word_1_25' title='bbox 1414 837 1445 879; x_wconf 88' lang='lat' dir='ltr'>se</span> 
     </span>
     <span class='ocr_line' id='line_1_5' title="bbox 334 907 1446 1000; baseline -0.004 -22"><span class='ocrx_word' id='word_1_26' title='bbox 334 914 541 978; x_wconf 88' lang='lat' dir='ltr'>dissentiunt:</span> <span class='ocrx_word' id='word_1_27' title='bbox 574 911 630 977; x_wconf 89' lang='lat' dir='ltr'>alii</span> <span class='ocrx_word' id='word_1_28' title='bbox 667 913 783 978; x_wconf 80' lang='lat' dir='ltr'><strong>docent</strong></span> <span class='ocrx_word' id='word_1_29' title='bbox 816 907 914 976; x_wconf 79' lang='grc' dir='ltr'><em>ἐλαία</em></span> <span class='ocrx_word' id='word_1_30' title='bbox 944 915 1131 1000; x_wconf 76' lang='lat' dir='ltr'>significare</span> <span class='ocrx_word' id='word_1_31' title='bbox 1163 913 1334 996; x_wconf 76' lang='lat' dir='ltr'><strong>arborem,</strong></span> <span class='ocrx_word' id='word_1_32' title='bbox 1366 908 1446 975; x_wconf 77' lang='grc' dir='ltr'><em>ἐλάα</em></span> 
     </span>
     <span class='ocr_line' id='line_1_6' title="bbox 333 1007 1446 1100; baseline -0.002 -22"><span class='ocrx_word' id='word_1_33' title='bbox 333 1013 537 1095; x_wconf 48' lang='lat' dir='ltr'>fractumue</span> <span class='ocrx_word' id='word_1_34' title='bbox 558 1011 614 1078; x_wconf 86' lang='lat' dir='ltr'>alii</span> <span class='ocrx_word' id='word_1_35' title='bbox 633 1014 743 1100; x_wconf 89' lang='lat' dir='ltr'>utique</span> <span class='ocrx_word' id='word_1_36' title='bbox 763 1013 970 1078; x_wconf 89' lang='lat' dir='ltr'>scribendum</span> <span class='ocrx_word' id='word_1_37' title='bbox 993 1035 1064 1078; x_wconf 87' lang='lat' dir='ltr'>esse</span> <span class='ocrx_word' id='word_1_38' title='bbox 1087 1007 1171 1075; x_wconf 75' lang='grc' dir='ltr'><em>ἐλάα</em></span> <span class='ocrx_word' id='word_1_39' title='bbox 1188 1013 1446 1095; x_wconf 68' lang='lat' dir='ltr'>contendunt327)</span> 
     </span>
     <span class='ocr_line' id='line_1_7' title="bbox 334 1105 1447 1190; baseline -0.004 -9"><span class='ocrx_word' id='word_1_40' title='bbox 334 1112 390 1181; x_wconf 86' lang='lat' dir='ltr'>alii</span> <span class='ocrx_word' id='word_1_41' title='bbox 410 1122 497 1178; x_wconf 89' lang='lat' dir='ltr'>recte</span> <span class='ocrx_word' id='word_1_42' title='bbox 524 1122 556 1176; x_wconf 92' lang='lat' dir='ltr'>et</span> <span class='ocrx_word' id='word_1_43' title='bbox 578 1105 673 1174; x_wconf 79' lang='grc' dir='ltr'><em>ἐλαία</em></span> <span class='ocrx_word' id='word_1_44' title='bbox 695 1122 726 1176; x_wconf 89' lang='lat' dir='ltr'>et</span> <span class='ocrx_word' id='word_1_45' title='bbox 746 1107 830 1175; x_wconf 84' lang='grc' dir='ltr'><em>ἐλάα</em></span> <span class='ocrx_word' id='word_1_46' title='bbox 859 1114 893 1177; x_wconf 93' lang='lat' dir='ltr'>in</span> <span class='ocrx_word' id='word_1_47' title='bbox 915 1135 976 1178; x_wconf 89' lang='lat' dir='ltr'>usu</span> <span class='ocrx_word' id='word_1_48' title='bbox 996 1112 1097 1178; x_wconf 86' lang='lat' dir='ltr'>fuisse</span> <span class='ocrx_word' id='word_1_49' title='bbox 1115 1112 1305 1190; x_wconf 77' lang='lat' dir='ltr'>tradunt.²⁸)</span> <span class='ocrx_word' id='word_1_50' title='bbox 1348 1112 1447 1176; x_wconf 83' lang='lat' dir='ltr'>Binas</span> 
     </span>
     <span class='ocr_line' id='line_1_8' title="bbox 333 1210 1445 1299; baseline -0.004 -21"><span class='ocrx_word' id='word_1_51' title='bbox 333 1213 485 1278; x_wconf 90' lang='lat' dir='ltr'>nimirum</span> <span class='ocrx_word' id='word_1_52' title='bbox 516 1211 638 1276; x_wconf 85' lang='lat' dir='ltr'>formas</span> <span class='ocrx_word' id='word_1_53' title='bbox 670 1232 741 1274; x_wconf 89' lang='lat' dir='ltr'>cum</span> <span class='ocrx_word' id='word_1_54' title='bbox 770 1212 859 1298; x_wconf 86' lang='lat' dir='ltr'>apud</span> <span class='ocrx_word' id='word_1_55' title='bbox 887 1213 1063 1299; x_wconf 83' lang='lat' dir='ltr'>scriptores</span> <span class='ocrx_word' id='word_1_56' title='bbox 1094 1210 1222 1276; x_wconf 87' lang='lat' dir='ltr'>Atticos</span> <span class='ocrx_word' id='word_1_57' title='bbox 1252 1211 1445 1292; x_wconf 79' lang='lat' dir='ltr'>invenirent,</span> 
     </span>
     <span class='ocr_line' id='line_1_9' title="bbox 334 1309 1448 1396; baseline -0.004 -20"><span class='ocrx_word' id='word_1_58' title='bbox 334 1310 484 1376; x_wconf 84' lang='lat' dir='ltr'>subtilius</span> <span class='ocrx_word' id='word_1_59' title='bbox 506 1332 599 1375; x_wconf 89' lang='lat' dir='ltr'>suam</span> <span class='ocrx_word' id='word_1_60' title='bbox 620 1311 748 1394; x_wconf 88' lang='lat' dir='ltr'>utrique</span> <span class='ocrx_word' id='word_1_61' title='bbox 774 1313 841 1376; x_wconf 87' lang='lat' dir='ltr'>vim</span> <span class='ocrx_word' id='word_1_62' title='bbox 862 1311 1067 1394; x_wconf 76' lang='lat' dir='ltr'>tribuebant,</span> <span class='ocrx_word' id='word_1_63' title='bbox 1097 1321 1194 1396; x_wconf 88' lang='lat' dir='ltr'>prout</span> <span class='ocrx_word' id='word_1_64' title='bbox 1215 1331 1295 1374; x_wconf 86' lang='lat' dir='ltr'>casu</span> <span class='ocrx_word' id='word_1_65' title='bbox 1315 1309 1448 1374; x_wconf 85' lang='lat' dir='ltr'>fortuito</span> 
     </span>
     <span class='ocr_line' id='line_1_10' title="bbox 333 1403 1447 1494; baseline -0.003 -20"><span class='ocrx_word' id='word_1_66' title='bbox 333 1411 408 1474; x_wconf 91' lang='lat' dir='ltr'>huic</span> <span class='ocrx_word' id='word_1_67' title='bbox 429 1403 481 1474; x_wconf 70' lang='lat' dir='ltr'>rel</span> <span class='ocrx_word' id='word_1_68' title='bbox 502 1408 550 1472; x_wconf 92' lang='lat' dir='ltr'>illi</span> <span class='ocrx_word' id='word_1_69' title='bbox 571 1410 693 1474; x_wconf 89' lang='lat' dir='ltr'>notioni</span> <span class='ocrx_word' id='word_1_70' title='bbox 716 1411 939 1476; x_wconf 85' lang='lat' dir='ltr'>occurrebant.</span> <span class='ocrx_word' id='word_1_71' title='bbox 978 1410 1033 1475; x_wconf 83' lang='lat' dir='ltr'>Sic</span> <span class='ocrx_word' id='word_1_72' title='bbox 1051 1431 1129 1494; x_wconf 85' lang='lat' dir='ltr'>ergo</span> <span class='ocrx_word' id='word_1_73' title='bbox 1155 1407 1364 1472; x_wconf 86' lang='lat' dir='ltr'>statuendum</span> <span class='ocrx_word' id='word_1_74' title='bbox 1387 1410 1447 1472; x_wconf 86' lang='lat' dir='ltr'>erit</span> 
     </span>
     <span class='ocr_line' id='line_1_11' title="bbox 334 1506 1535 1597; baseline -0.004 -23"><span class='ocrx_word' id='word_1_75' title='bbox 334 1519 369 1574; x_wconf 89' lang='lat' dir='ltr'>ut</span> <span class='ocrx_word' id='word_1_76' title='bbox 391 1507 546 1596; x_wconf 85' lang='lat' dir='ltr'>quamdiu</span> <span class='ocrx_word' id='word_1_77' title='bbox 577 1509 611 1572; x_wconf 92' lang='lat' dir='ltr'>in</span> <span class='ocrx_word' id='word_1_78' title='bbox 638 1508 755 1572; x_wconf 86' lang='lat' dir='ltr'>litteris</span> <span class='ocrx_word' id='word_1_79' title='bbox 785 1511 949 1597; x_wconf 81' lang='lat' dir='ltr'>antiquior</span> <span class='ocrx_word' id='word_1_80' title='bbox 980 1508 1123 1574; x_wconf 81' lang='lat' dir='ltr'>valuerit</span> <span class='ocrx_word' id='word_1_81' title='bbox 1154 1506 1355 1572; x_wconf 86' lang='lat' dir='ltr'>consuetudo</span> <span class='ocrx_word' id='word_1_82' title='bbox 1377 1529 1447 1570; x_wconf 82' lang='lat' dir='ltr'>curn</span> <span class='ocrx_word' id='word_1_83' title='bbox 1534 1581 1535 1586; x_wconf 8' lang='grc' dir='ltr'>γ</span> 
     </span>
     <span class='ocr_line' id='line_1_12' title="bbox 334 1597 1446 1694; baseline -0.004 -23"><span class='ocrx_word' id='word_1_84' title='bbox 334 1605 472 1674; x_wconf 88' lang='lat' dir='ltr'>dialecto</span> <span class='ocrx_word' id='word_1_85' title='bbox 492 1608 603 1672; x_wconf 89' lang='lat' dir='ltr'>Ionica</span> <span class='ocrx_word' id='word_1_86' title='bbox 624 1608 726 1671; x_wconf 87' lang='lat' dir='ltr'>artius</span> <span class='ocrx_word' id='word_1_87' title='bbox 750 1617 898 1694; x_wconf 84' lang='lat' dir='ltr'>cognata,</span> <span class='ocrx_word' id='word_1_88' title='bbox 920 1609 1049 1673; x_wconf 54' lang='lat' dir='ltr'>tamdiu*</span> <span class='ocrx_word' id='word_1_89' title='bbox 1066 1599 1161 1683; x_wconf 83' lang='grc' dir='ltr'><em>καίω,</em></span> <span class='ocrx_word' id='word_1_90' title='bbox 1181 1597 1300 1681; x_wconf 79' lang='grc' dir='ltr'><em>κλαίω,</em></span> <span class='ocrx_word' id='word_1_91' title='bbox 1324 1598 1446 1681; x_wconf 73' lang='grc' dir='ltr'><em>αἰετός,</em></span> 
     </span>
     <span class='ocr_line' id='line_1_13' title="bbox 334 1698 1449 1791; baseline -0.002 -22"><span class='ocrx_word' id='word_1_92' title='bbox 334 1701 442 1784; x_wconf 76' lang='grc' dir='ltr'><em>ἐλαία,</em></span> <span class='ocrx_word' id='word_1_93' title='bbox 460 1698 609 1785; x_wconf 74' lang='grc' dir='ltr'><em>’Λχαιίς,</em></span> <span class='ocrx_word' id='word_1_94' title='bbox 623 1699 804 1785; x_wconf 83' lang='grc' dir='ltr'><em>Ἀχαιικός</em></span> <span class='ocrx_word' id='word_1_95' title='bbox 826 1707 924 1774; x_wconf 86' lang='lat' dir='ltr'>scribi</span> <span class='ocrx_word' id='word_1_96' title='bbox 949 1709 1044 1774; x_wconf 89' lang='lat' dir='ltr'>solita</span> <span class='ocrx_word' id='word_1_97' title='bbox 1059 1729 1130 1771; x_wconf 86' lang='lat' dir='ltr'>esse</span> <span class='ocrx_word' id='word_1_98' title='bbox 1145 1725 1351 1788; x_wconf 71' lang='lat' dir='ltr'>censeamus,</span> <span class='ocrx_word' id='word_1_99' title='bbox 1375 1728 1449 1791; x_wconf 90' lang='lat' dir='ltr'>pro·</span> 
     </span>
     <span class='ocr_line' id='line_1_14' title="bbox 333 1803 1535 1894; baseline -0.002 -24"><span class='ocrx_word' id='word_1_100' title='bbox 333 1807 408 1892; x_wconf 90' lang='lat' dir='ltr'>pria</span> <span class='ocrx_word' id='word_1_101' title='bbox 428 1827 468 1870; x_wconf 88' lang='lat' dir='ltr'>ac</span> <span class='ocrx_word' id='word_1_102' title='bbox 489 1805 665 1892; x_wconf 88' lang='lat' dir='ltr'>peculiaris</span> <span class='ocrx_word' id='word_1_103' title='bbox 686 1805 799 1894; x_wconf 79' lang='lat' dir='ltr'>poprdi</span> <span class='ocrx_word' id='word_1_104' title='bbox 819 1806 931 1892; x_wconf 85' lang='lat' dir='ltr'>lingua</span> <span class='ocrx_word' id='word_1_105' title='bbox 953 1807 1009 1871; x_wconf 91' lang='lat' dir='ltr'>nbi</span> <span class='ocrx_word' id='word_1_106' title='bbox 1031 1807 1172 1893; x_wconf 89' lang='lat' dir='ltr'>primum</span> <span class='ocrx_word' id='word_1_107' title='bbox 1186 1803 1260 1890; x_wconf 86' lang='lat' dir='ltr'>plus</span> <span class='ocrx_word' id='word_1_108' title='bbox 1281 1803 1347 1868; x_wconf 88' lang='lat' dir='ltr'>sibi</span> <span class='ocrx_word' id='word_1_109' title='bbox 1363 1826 1449 1868; x_wconf 90' lang='lat' dir='ltr'>com·</span> <span class='ocrx_word' id='word_1_110' title='bbox 1534 1853 1535 1868; x_wconf 63' lang='grc'>,</span> 
     </span>
     <span class='ocr_line' id='line_1_15' title="bbox 334 1904 1446 1992; baseline -0.004 -22"><span class='ocrx_word' id='word_1_111' title='bbox 334 1907 464 1992; x_wconf 81' lang='lat' dir='ltr'>paravit</span> <span class='ocrx_word' id='word_1_112' title='bbox 485 1908 698 1988; x_wconf 82' lang='lat' dir='ltr'>auctoritatis,</span> <span class='ocrx_word' id='word_1_113' title='bbox 723 1907 917 1970; x_wconf 88' lang='lat' dir='ltr'>vetustiores</span> <span class='ocrx_word' id='word_1_114' title='bbox 936 1928 1035 1970; x_wconf 81' lang='lat' dir='ltr'>voees</span> <span class='ocrx_word' id='word_1_115' title='bbox 1055 1905 1161 1988; x_wconf 82' lang='lat' dir='ltr'>magis</span> <span class='ocrx_word' id='word_1_116' title='bbox 1177 1904 1349 1990; x_wconf 84' lang='lat' dir='ltr'>magisque</span> <span class='ocrx_word' id='word_1_117' title='bbox 1370 1925 1446 1968; x_wconf 87' lang='lat' dir='ltr'>exo-</span> 
     </span>
     <span class='ocr_line' id='line_1_16' title="bbox 332 2003 1513 2090; baseline -0.003 -22"><span class='ocrx_word' id='word_1_118' title='bbox 332 2004 507 2070; x_wconf 87' lang='lat' dir='ltr'>lescebant.</span> <span class='ocrx_word' id='word_1_119' title='bbox 545 2004 637 2085; x_wconf 78' lang='lat' dir='ltr'>Quae</span> <span class='ocrx_word' id='word_1_120' title='bbox 659 2005 790 2090; x_wconf 86' lang='lat' dir='ltr'>quidem</span> <span class='ocrx_word' id='word_1_121' title='bbox 813 2006 1019 2070; x_wconf 88' lang='lat' dir='ltr'>commutatio</span> <span class='ocrx_word' id='word_1_122' title='bbox 1039 2025 1112 2068; x_wconf 87' lang='lat' dir='ltr'>cum</span> <span class='ocrx_word' id='word_1_123' title='bbox 1133 2003 1200 2066; x_wconf 85' lang='lat' dir='ltr'>iarn</span> <span class='ocrx_word' id='word_1_124' title='bbox 1221 2003 1256 2065; x_wconf 93' lang='lat' dir='ltr'>in</span> <span class='ocrx_word' id='word_1_125' title='bbox 1278 2003 1447 2066; x_wconf 85' lang='lat' dir='ltr'>comoedia</span> <span class='ocrx_word' id='word_1_126' title='bbox 1509 2029 1513 2044; x_wconf 94' lang='lat'>·</span> 
     </span>
     <span class='ocr_line' id='line_1_17' title="bbox 335 2101 1447 2192; baseline -0.005 -22"><span class='ocrx_word' id='word_1_127' title='bbox 335 2127 566 2192; x_wconf 86' lang='lat' dir='ltr'>saepenumero</span> <span class='ocrx_word' id='word_1_128' title='bbox 590 2127 683 2169; x_wconf 88' lang='lat' dir='ltr'>suam</span> <span class='ocrx_word' id='word_1_129' title='bbox 706 2105 904 2169; x_wconf 85' lang='lat' dir='ltr'>exercuisset</span> <span class='ocrx_word' id='word_1_130' title='bbox 923 2105 989 2168; x_wconf 80' lang='lat' dir='ltr'>vim</span> <span class='ocrx_word' id='word_1_131' title='bbox 1011 2113 1044 2166; x_wconf 89' lang='lat' dir='ltr'>ct</span> <span class='ocrx_word' id='word_1_132' title='bbox 1064 2109 1266 2188; x_wconf 85' lang='lat' dir='ltr'>potestatem,</span> <span class='ocrx_word' id='word_1_133' title='bbox 1291 2101 1398 2165; x_wconf 85' lang='lat' dir='ltr'>crevit</span> <span class='ocrx_word' id='word_1_134' title='bbox 1418 2112 1447 2164; x_wconf 86' lang='lat' dir='ltr'>at</span> 
     </span>
     <span class='ocr_line' id='line_1_18' title="bbox 334 2197 1535 2294; baseline -0.005 -24"><span class='ocrx_word' id='word_1_135' title='bbox 334 2204 491 2270; x_wconf 85' lang='lat' dir='ltr'>adfinem</span> <span class='ocrx_word' id='word_1_136' title='bbox 514 2203 676 2289; x_wconf 88' lang='lat' dir='ltr'>quendam</span> <span class='ocrx_word' id='word_1_137' title='bbox 698 2202 856 2292; x_wconf 86' lang='lat' dir='ltr'>perducta</span> <span class='ocrx_word' id='word_1_138' title='bbox 880 2212 929 2267; x_wconf 87' lang='lat' dir='ltr'>est</span> <span class='ocrx_word' id='word_1_139' title='bbox 950 2201 1098 2268; x_wconf 86' lang='lat' dir='ltr'>Euclidis</span> <span class='ocrx_word' id='word_1_140' title='bbox 1116 2201 1184 2264; x_wconf 87' lang='lat' dir='ltr'>fere</span> <span class='ocrx_word' id='word_1_141' title='bbox 1207 2197 1375 2264; x_wconf 87' lang='lat' dir='ltr'>archontis</span> <span class='ocrx_word' id='word_1_142' title='bbox 1397 2221 1445 2264; x_wconf 77' lang='lat' dir='ltr'>ae</span> <span class='ocrx_word' id='word_1_143' title='bbox 1534 2263 1535 2294; x_wconf 25' lang='grc' dir='ltr'><em>ρ</em></span> 
     </span>
     <span class='ocr_line' id='line_1_19' title="bbox 333 2296 1441 2396; baseline -0.008 -28"><span class='ocrx_word' id='word_1_144' title='bbox 333 2313 417 2387; x_wconf 89' lang='lat' dir='ltr'>tate,</span> <span class='ocrx_word' id='word_1_145' title='bbox 447 2323 549 2391; x_wconf 91' lang='lat' dir='ltr'>aquo</span> <span class='ocrx_word' id='word_1_146' title='bbox 572 2312 717 2388; x_wconf 86' lang='lat' dir='ltr'>tempore</span> <span class='ocrx_word' id='word_1_147' title='bbox 739 2303 869 2388; x_wconf 84' lang='lat' dir='ltr'>saepius</span> <span class='ocrx_word' id='word_1_148' title='bbox 886 2301 1002 2396; x_wconf 58' lang='lat' dir='ltr'>qindies</span> <span class='ocrx_word' id='word_1_149' title='bbox 1024 2321 1084 2386; x_wconf 88' lang='lat' dir='ltr'>pro</span> <span class='ocrx_word' id='word_1_150' title='bbox 1106 2318 1147 2360; x_wconf 91' lang='grc' dir='ltr'>σσ</span> <span class='ocrx_word' id='word_1_151' title='bbox 1168 2296 1376 2362; x_wconf 86' lang='lat' dir='ltr'>scribebatur</span> <span class='ocrx_word' id='word_1_152' title='bbox 1398 2319 1441 2371; x_wconf 79' lang='grc' dir='ltr'>τι,</span> 
     </span>
     <span class='ocr_line' id='line_1_20' title="bbox 334 2394 1445 2492; baseline -0.005 -26"><span class='ocrx_word' id='word_1_153' title='bbox 334 2425 393 2492; x_wconf 92' lang='lat' dir='ltr'>pro</span> <span class='ocrx_word' id='word_1_154' title='bbox 422 2404 520 2489; x_wconf 74' lang='grc' dir='ltr'><em>τοκῆς</em></span> <span class='ocrx_word' id='word_1_155' title='bbox 548 2403 668 2476; x_wconf 70' lang='lat' dir='ltr'>courir,</span> <span class='ocrx_word' id='word_1_156' title='bbox 681 2401 723 2479; x_wconf 67' lang='grc'>29)</span> <span class='ocrx_word' id='word_1_157' title='bbox 751 2423 812 2487; x_wconf 89' lang='lat' dir='ltr'>pro</span> <span class='ocrx_word' id='word_1_158' title='bbox 841 2396 946 2487; x_wconf 75' lang='grc' dir='ltr'><em>τύπτῃ</em></span> <span class='ocrx_word' id='word_1_159' title='bbox 973 2394 1090 2463; x_wconf 78' lang='grc' dir='ltr'><em>τύπτει</em></span> <span class='ocrx_word' id='word_1_160' title='bbox 1099 2399 1155 2474; x_wconf 74' lang='lat'>³⁰);</span> <span class='ocrx_word' id='word_1_161' title='bbox 1187 2397 1293 2461; x_wconf 90' lang='lat' dir='ltr'>donec</span> <span class='ocrx_word' id='word_1_162' title='bbox 1323 2395 1445 2484; x_wconf 80' lang='lat' dir='ltr'>aliquot</span> 
     </span>
     <span class='ocr_line' id='line_1_21' title="bbox 334 2495 1442 2588; baseline -0.005 -22"><span class='ocrx_word' id='word_1_163' title='bbox 334 2501 471 2566; x_wconf 89' lang='lat' dir='ltr'>saeculis</span> <span class='ocrx_word' id='word_1_164' title='bbox 487 2511 563 2588; x_wconf 87' lang='lat' dir='ltr'>post</span> <span class='ocrx_word' id='word_1_165' title='bbox 576 2499 870 2566; x_wconf 88' lang='lat' dir='ltr'>recentissimorum</span> <span class='ocrx_word' id='word_1_166' title='bbox 885 2503 1088 2588; x_wconf 88' lang='lat' dir='ltr'>scriptorum,</span> <span class='ocrx_word' id='word_1_167' title='bbox 1110 2495 1442 2582; x_wconf 57' lang='lat' dir='ltr'>Pontii-Plutarchi,</span> 
     </span>
     <span class='ocr_line' id='line_1_22' title="bbox 334 2595 1443 2687; baseline -0.005 -21"><span class='ocrx_word' id='word_1_168' title='bbox 334 2600 474 2666; x_wconf 89' lang='lat' dir='ltr'>Diodori</span> <span class='ocrx_word' id='word_1_169' title='bbox 496 2600 643 2664; x_wconf 84' lang='lat' dir='ltr'>doctrina</span> <span class='ocrx_word' id='word_1_170' title='bbox 664 2611 697 2664; x_wconf 90' lang='lat' dir='ltr'>et</span> <span class='ocrx_word' id='word_1_171' title='bbox 717 2603 896 2687; x_wconf 87' lang='lat' dir='ltr'>quaesitum</span> <span class='ocrx_word' id='word_1_172' title='bbox 919 2598 1060 2664; x_wconf 87' lang='lat' dir='ltr'>studium</span> <span class='ocrx_word' id='word_1_173' title='bbox 1089 2595 1301 2660; x_wconf 86' lang='lat' dir='ltr'>vetustiorem</span> <span class='ocrx_word' id='word_1_174' title='bbox 1323 2620 1443 2662; x_wconf 88' lang='lat' dir='ltr'>morem</span> 
     </span>
     <span class='ocr_line' id='line_1_23' title="bbox 333 2697 1151 2783; baseline -0.007 -19"><span class='ocrx_word' id='word_1_175' title='bbox 333 2697 494 2764; x_wconf 87' lang='lat' dir='ltr'>nonnuliis</span> <span class='ocrx_word' id='word_1_176' title='bbox 516 2701 550 2762; x_wconf 91' lang='lat' dir='ltr'>in</span> <span class='ocrx_word' id='word_1_177' title='bbox 571 2699 667 2763; x_wconf 88' lang='lat' dir='ltr'>rebus</span> <span class='ocrx_word' id='word_1_178' title='bbox 688 2700 829 2764; x_wconf 89' lang='lat' dir='ltr'>restituit</span> <span class='ocrx_word' id='word_1_179' title='bbox 855 2709 887 2763; x_wconf 86' lang='lat' dir='ltr'>et</span> <span class='ocrx_word' id='word_1_180' title='bbox 907 2698 1151 2783; x_wconf 83' lang='lat' dir='ltr'>redintegravit.</span> 
     </span>
    </p>

    <p class='ocr_par' dir='ltr' id='par_1_3' title="bbox 334 2793 1444 3184">
     <span class='ocr_line' id='line_1_24' title="bbox 417 2793 1444 2883; baseline -0.005 -21"><span class='ocrx_word' id='word_1_181' title='bbox 417 2797 483 2862; x_wconf 81' lang='lat' dir='ltr'>Sed</span> <span class='ocrx_word' id='word_1_182' title='bbox 505 2808 756 2862; x_wconf 89' lang='lat' dir='ltr'>consentaneum</span> <span class='ocrx_word' id='word_1_183' title='bbox 781 2807 915 2862; x_wconf 88' lang='lat' dir='ltr'>estnon</span> <span class='ocrx_word' id='word_1_184' title='bbox 937 2797 1104 2883; x_wconf 88' lang='lat' dir='ltr'>repentine</span> <span class='ocrx_word' id='word_1_185' title='bbox 1126 2816 1169 2858; x_wconf 85' lang='lat' dir='ltr'>ex</span> <span class='ocrx_word' id='word_1_186' title='bbox 1191 2793 1295 2858; x_wconf 86' lang='lat' dir='ltr'>altera</span> <span class='ocrx_word' id='word_1_187' title='bbox 1315 2793 1444 2878; x_wconf 83' lang='lat' dir='ltr'>linguae</span> 
     </span>
     <span class='ocr_line' id='line_1_25' title="bbox 335 2893 1443 2986; baseline -0.005 -24"><span class='ocrx_word' id='word_1_188' title='bbox 335 2900 428 2986; x_wconf 88' lang='lat' dir='ltr'>quasi</span> <span class='ocrx_word' id='word_1_189' title='bbox 450 2907 555 2962; x_wconf 87' lang='lat' dir='ltr'>aetate</span> <span class='ocrx_word' id='word_1_190' title='bbox 575 2898 609 2960; x_wconf 87' lang='lat' dir='ltr'>in</span> <span class='ocrx_word' id='word_1_191' title='bbox 631 2897 767 2961; x_wconf 87' lang='lat' dir='ltr'>alteram</span> <span class='ocrx_word' id='word_1_192' title='bbox 788 2897 977 2978; x_wconf 85' lang='lat' dir='ltr'>transsiliri,</span> <span class='ocrx_word' id='word_1_193' title='bbox 1007 2895 1064 2959; x_wconf 85' lang='lat' dir='ltr'>scd</span> <span class='ocrx_word' id='word_1_194' title='bbox 1087 2915 1159 2958; x_wconf 87' lang='lat' dir='ltr'>esse</span> <span class='ocrx_word' id='word_1_195' title='bbox 1181 2893 1340 2980; x_wconf 85' lang='lat' dir='ltr'>quosdam</span> <span class='ocrx_word' id='word_1_196' title='bbox 1363 2915 1443 2956; x_wconf 91' lang='lat' dir='ltr'>com-</span> 
     </span>
     <span class='ocr_line' id='line_1_26' title="bbox 334 2994 1444 3082; baseline -0.005 -20"><span class='ocrx_word' id='word_1_197' title='bbox 334 2998 520 3072; x_wconf 84' lang='lat' dir='ltr'>mutationis</span> <span class='ocrx_word' id='word_1_198' title='bbox 550 2996 672 3082; x_wconf 85' lang='lat' dir='ltr'>gradus</span> <span class='ocrx_word' id='word_1_199' title='bbox 698 3000 783 3060; x_wconf 89' lang='lat' dir='ltr'>inter</span> <span class='ocrx_word' id='word_1_200' title='bbox 805 2998 927 3061; x_wconf 77' lang='lat' dir='ltr'>formas</span> <span class='ocrx_word' id='word_1_201' title='bbox 951 2995 1150 3080; x_wconf 85' lang='lat' dir='ltr'>antiquiores</span> <span class='ocrx_word' id='word_1_202' title='bbox 1178 3001 1210 3054; x_wconf 93' lang='lat' dir='ltr'>et</span> <span class='ocrx_word' id='word_1_203' title='bbox 1230 2994 1444 3064; x_wconf 71' lang='lat' dir='ltr'>recentiorosr</span> 
     </span>
     <span class='ocr_line' id='line_1_27' title="bbox 335 3083 1442 3184; baseline -0.004 -24"><span class='ocrx_word' id='word_1_204' title='bbox 335 3119 398 3182; x_wconf 88' lang='lat' dir='ltr'>quo</span> <span class='ocrx_word' id='word_1_205' title='bbox 418 3096 469 3179; x_wconf 87' lang='lat' dir='ltr'>fit,</span> <span class='ocrx_word' id='word_1_206' title='bbox 500 3103 535 3160; x_wconf 89' lang='lat' dir='ltr'>ut</span> <span class='ocrx_word' id='word_1_207' title='bbox 556 3095 644 3182; x_wconf 90' lang='lat' dir='ltr'>apud</span> <span class='ocrx_word' id='word_1_208' title='bbox 666 3094 892 3181; x_wconf 83' lang='lat' dir='ltr'>Thucydidem</span> <span class='ocrx_word' id='word_1_209' title='bbox 913 3095 1060 3180; x_wconf 85' lang='lat' dir='ltr'>legamus</span> <span class='ocrx_word' id='word_1_210' title='bbox 1083 3083 1166 3168; x_wconf 73' lang='lat' dir='ltr'>atet,</span> <span class='ocrx_word' id='word_1_211' title='bbox 1201 3113 1270 3184; x_wconf 85' lang='lat' dir='ltr'>non</span> <span class='ocrx_word' id='word_1_212' title='bbox 1298 3091 1442 3178; x_wconf 82' lang='lat' dir='ltr'>legamus</span> 
     </span>
    </p>
   </div>
   <div class='ocr_carea' id='block_1_3' title="bbox 334 3355 1502 3684">
    <p class='ocr_par' dir='ltr' id='par_1_4' title="bbox 334 3355 1502 3599">
     <span class='ocr_line' id='line_1_28' title="bbox 384 3355 1502 3430; baseline -0.009 -14"><span class='ocrx_word' id='word_1_213' title='bbox 384 3363 427 3429; x_wconf 86' lang='grc'>26)</span> <span class='ocrx_word' id='word_1_214' title='bbox 447 3360 524 3416; x_wconf 86' lang='lat' dir='ltr'>Suid.</span> <span class='ocrx_word' id='word_1_215' title='bbox 537 3377 558 3416; x_wconf 87' lang='lat' dir='ltr'>s.</span> <span class='ocrx_word' id='word_1_216' title='bbox 569 3376 595 3414; x_wconf 89' lang='lat' dir='ltr'>v.</span> <span class='ocrx_word' id='word_1_217' title='bbox 611 3359 708 3413; x_wconf 82' lang='grc' dir='ltr'><em>ἐλαία</em></span> <span class='ocrx_word' id='word_1_218' title='bbox 722 3359 753 3413; x_wconf 84' lang='grc' dir='ltr'>τὸ</span> <span class='ocrx_word' id='word_1_219' title='bbox 767 3358 895 3430; x_wconf 78' lang='grc' dir='ltr'><em>ιλένάρον,</em></span> <span class='ocrx_word' id='word_1_220' title='bbox 907 3359 989 3414; x_wconf 86' lang='grc' dir='ltr'><em>ἐλάα</em></span> <span class='ocrx_word' id='word_1_221' title='bbox 1007 3360 1037 3414; x_wconf 74' lang='lat' dir='ltr'>di</span> <span class='ocrx_word' id='word_1_222' title='bbox 1055 3355 1199 3430; x_wconf 72' lang='grc' dir='ltr'><em>ὃκαρπάς.</em></span> <span class='ocrx_word' id='word_1_223' title='bbox 1217 3355 1298 3410; x_wconf 73' lang='lat' dir='ltr'>Eunt,</span> <span class='ocrx_word' id='word_1_224' title='bbox 1315 3358 1390 3424; x_wconf 78' lang='lat'>1572,</span> <span class='ocrx_word' id='word_1_225' title='bbox 1404 3357 1445 3407; x_wconf 78' lang='lat'>34:</span> <span class='ocrx_word' id='word_1_226' title='bbox 1499 3419 1502 3424; x_wconf 28' lang='grc' dir='ltr'>Ι</span> 
     </span>
     <span class='ocr_line' id='line_1_29' title="bbox 334 3436 1446 3517; baseline -0.01 -17"><span class='ocrx_word' id='word_1_227' title='bbox 334 3445 427 3517; x_wconf 71' lang='grc' dir='ltr'><em>ὥςπερ</em></span> <span class='ocrx_word' id='word_1_228' title='bbox 446 3447 493 3498; x_wconf 77' lang='grc' dir='ltr'>καὶ</span> <span class='ocrx_word' id='word_1_229' title='bbox 510 3445 624 3508; x_wconf 77' lang='grc' dir='ltr'><em>ἐλαία,</em></span> <span class='ocrx_word' id='word_1_230' title='bbox 645 3441 714 3499; x_wconf 81' lang='grc' dir='ltr'><em>αὐτά</em></span> <span class='ocrx_word' id='word_1_231' title='bbox 734 3462 763 3498; x_wconf 84' lang='grc' dir='ltr'>τε</span> <span class='ocrx_word' id='word_1_232' title='bbox 780 3443 812 3498; x_wconf 87' lang='grc' dir='ltr'>τὸ</span> <span class='ocrx_word' id='word_1_233' title='bbox 830 3443 923 3514; x_wconf 82' lang='grc' dir='ltr'><em>φυτὸν</em></span> <span class='ocrx_word' id='word_1_234' title='bbox 939 3445 987 3498; x_wconf 80' lang='grc' dir='ltr'>καλ</span> <span class='ocrx_word' id='word_1_235' title='bbox 998 3443 1014 3497; x_wconf 84' lang='grc' dir='ltr'>ὁ</span> <span class='ocrx_word' id='word_1_236' title='bbox 1026 3440 1146 3512; x_wconf 81' lang='grc' dir='ltr'><em>καρπός·</em></span> <span class='ocrx_word' id='word_1_237' title='bbox 1169 3441 1257 3502; x_wconf 78' lang='grc' dir='ltr'><em>αὐτὸς</em></span> <span class='ocrx_word' id='word_1_238' title='bbox 1274 3439 1307 3495; x_wconf 71' lang='grc' dir='ltr'>δὲ</span> <span class='ocrx_word' id='word_1_239' title='bbox 1324 3436 1446 3512; x_wconf 80' lang='grc' dir='ltr'><em>μάλιστα</em></span> 
     </span>
     <span class='ocr_line' id='line_1_30' title="bbox 335 3523 1188 3599; baseline -0.005 -17"><span class='ocrx_word' id='word_1_240' title='bbox 335 3530 402 3599; x_wconf 75' lang='grc' dir='ltr'><em>δίχα</em></span> <span class='ocrx_word' id='word_1_241' title='bbox 420 3535 468 3584; x_wconf 86' lang='grc' dir='ltr'>τοῦ</span> <span class='ocrx_word' id='word_1_242' title='bbox 488 3537 506 3584; x_wconf 89' lang='grc' dir='ltr'>ῖ.</span> <span class='ocrx_word' id='word_1_243' title='bbox 541 3528 626 3582; x_wconf 87' lang='grc' dir='ltr'><em>ἐλάα</em></span> <span class='ocrx_word' id='word_1_244' title='bbox 643 3527 698 3599; x_wconf 77' lang='grc' dir='ltr'>γὰρ</span> <span class='ocrx_word' id='word_1_245' title='bbox 713 3527 844 3589; x_wconf 82' lang='grc' dir='ltr'>Ἀττικῶς</span> <span class='ocrx_word' id='word_1_246' title='bbox 861 3526 876 3580; x_wconf 88' lang='grc' dir='ltr'>ὁ</span> <span class='ocrx_word' id='word_1_247' title='bbox 898 3532 946 3594; x_wconf 83' lang='grc' dir='ltr'>τῆς</span> <span class='ocrx_word' id='word_1_248' title='bbox 959 3527 1054 3588; x_wconf 79' lang='grc' dir='ltr'><em>ἐλαίας</em></span> <span class='ocrx_word' id='word_1_249' title='bbox 1070 3523 1188 3597; x_wconf 80' lang='grc' dir='ltr'><em>καρπός.</em></span> 
     </span>
    </p>

    <p class='ocr_par' dir='ltr' id='par_1_5' title="bbox 384 3605 1444 3684">
     <span class='ocr_line' id='line_1_31' title="bbox 384 3605 1444 3684; baseline -0.01 -17"><span class='ocrx_word' id='word_1_250' title='bbox 384 3613 428 3682; x_wconf 81' lang='grc'>27)</span> <span class='ocrx_word' id='word_1_251' title='bbox 445 3611 543 3665; x_wconf 85' lang='lat' dir='ltr'>Thom.</span> <span class='ocrx_word' id='word_1_252' title='bbox 562 3627 589 3680; x_wconf 91' lang='lat' dir='ltr'>p.</span> <span class='ocrx_word' id='word_1_253' title='bbox 608 3613 671 3665; x_wconf 81' lang='lat'><strong>292:</strong></span> <span class='ocrx_word' id='word_1_254' title='bbox 699 3609 783 3666; x_wconf 76' lang='grc' dir='ltr'><em>ἐλάα</em></span> <span class='ocrx_word' id='word_1_255' title='bbox 800 3613 847 3663; x_wconf 82' lang='grc' dir='ltr'>καὶ</span> <span class='ocrx_word' id='word_1_256' title='bbox 864 3611 912 3665; x_wconf 82' lang='grc' dir='ltr'>ἐπὶ</span> <span class='ocrx_word' id='word_1_257' title='bbox 936 3610 985 3665; x_wconf 86' lang='grc' dir='ltr'>τοῦ</span> <span class='ocrx_word' id='word_1_258' title='bbox 1002 3614 1111 3684; x_wconf 79' lang='grc' dir='ltr'><em>καρποῦ</em></span> <span class='ocrx_word' id='word_1_259' title='bbox 1127 3611 1174 3664; x_wconf 76' lang='grc' dir='ltr'>καὶ</span> <span class='ocrx_word' id='word_1_260' title='bbox 1192 3609 1240 3662; x_wconf 78' lang='grc' dir='ltr'>ἐπὶ</span> <span class='ocrx_word' id='word_1_261' title='bbox 1259 3611 1309 3660; x_wconf 85' lang='grc' dir='ltr'>τοῦ</span> <span class='ocrx_word' id='word_1_262' title='bbox 1329 3605 1444 3676; x_wconf 74' lang='grc' dir='ltr'>δένδρου</span> 
     </span>
    </p>
   </div>
   <div class='ocr_carea' id='block_1_4' title="bbox 172 3679 1535 3848">
    <p class='ocr_par' dir='ltr' id='par_1_6' title="bbox 172 3679 1535 3848">
     <span class='ocr_line' id='line_1_32' title="bbox 172 3679 599 3772; baseline -0.019 -18"><span class='ocrx_word' id='word_1_263' title='bbox 172 3679 174 3682; x_wconf 16' lang='lat' dir='ltr'>v</span> <span class='ocrx_word' id='word_1_264' title='bbox 224 3690 226 3694; x_wconf 31' lang='lat'><strong><em>¹</em></strong></span> <span class='ocrx_word' id='word_1_265' title='bbox 333 3703 461 3772; x_wconf 79' lang='grc' dir='ltr'><em>κρεῖττον</em></span> <span class='ocrx_word' id='word_1_266' title='bbox 477 3694 495 3761; x_wconf 84' lang='grc' dir='ltr'><em>ἢ</em></span> <span class='ocrx_word' id='word_1_267' title='bbox 512 3695 599 3748; x_wconf 82' lang='grc' dir='ltr'><em>ἐλαία.</em></span> 
     </span>
     <span class='ocr_line' id='line_1_33' title="bbox 383 3773 1535 3848; baseline -0.01 -13"><span class='ocrx_word' id='word_1_268' title='bbox 383 3783 425 3847; x_wconf 83' lang='grc'>28)</span> <span class='ocrx_word' id='word_1_269' title='bbox 447 3777 536 3834; x_wconf 81' lang='lat' dir='ltr'>Schol.</span> <span class='ocrx_word' id='word_1_270' title='bbox 549 3775 620 3832; x_wconf 81' lang='lat' dir='ltr'>Ran.</span> <span class='ocrx_word' id='word_1_271' title='bbox 634 3781 699 3831; x_wconf 81' lang='lat'><strong>988:</strong></span> <span class='ocrx_word' id='word_1_272' title='bbox 720 3775 800 3831; x_wconf 83' lang='grc' dir='ltr'><em>ἐλάα</em></span> <span class='ocrx_word' id='word_1_273' title='bbox 818 3775 881 3832; x_wconf 73' lang='lat' dir='ltr'>tto</span> <span class='ocrx_word' id='word_1_274' title='bbox 900 3777 1009 3848; x_wconf 83' lang='grc' dir='ltr'><em>καρπὸς</em></span> <span class='ocrx_word' id='word_1_275' title='bbox 1029 3777 1200 3844; x_wconf 61' lang='lat' dir='ltr'>nisiinter·</span> <span class='ocrx_word' id='word_1_276' title='bbox 1219 3773 1445 3844; x_wconf 75' lang='grc' dir='ltr'><em>καταχρηστικῶς</em></span> <span class='ocrx_word' id='word_1_277' title='bbox 1534 3815 1535 3824; x_wconf 69' lang='grc'>,</span> 
     </span>
    </p>
   </div>
   <div class='ocr_carea' id='block_1_5' title="bbox 333 3851 1444 4014">
    <p class='ocr_par' dir='ltr' id='par_1_7' title="bbox 333 3851 1444 4014">
     <span class='ocr_line' id='line_1_34' title="bbox 333 3851 1444 3936; baseline -0.009 -19"><span class='ocrx_word' id='word_1_278' title='bbox 333 3867 365 3920; x_wconf 77' lang='lat' dir='ltr'>di·</span> <span class='ocrx_word' id='word_1_279' title='bbox 382 3863 506 3936; x_wconf 78' lang='grc' dir='ltr'><em>θάτερον</em></span> <span class='ocrx_word' id='word_1_280' title='bbox 526 3863 588 3916; x_wconf 78' lang='grc' dir='ltr'>ἀντὶ</span> <span class='ocrx_word' id='word_1_281' title='bbox 606 3865 728 3931; x_wconf 73' lang='grc' dir='ltr'><em>θατέρου</em></span> <span class='ocrx_word' id='word_1_282' title='bbox 744 3859 925 3933; x_wconf 75' lang='grc' dir='ltr'><em>λαμβάνεται.</em></span> <span class='ocrx_word' id='word_1_283' title='bbox 938 3891 972 3898; x_wconf 97' lang='grc'><strong>-</strong></span> <span class='ocrx_word' id='word_1_284' title='bbox 988 3859 1066 3912; x_wconf 84' lang='lat' dir='ltr'>Eust.</span> <span class='ocrx_word' id='word_1_285' title='bbox 1083 3861 1156 3928; x_wconf 76' lang='lat'>1944,</span> <span class='ocrx_word' id='word_1_286' title='bbox 1175 3863 1205 3912; x_wconf 81' lang='lat'>8:</span> <span class='ocrx_word' id='word_1_287' title='bbox 1223 3862 1297 3928; x_wconf 77' lang='grc' dir='ltr'><em>λέγει</em></span> <span class='ocrx_word' id='word_1_288' title='bbox 1315 3857 1347 3910; x_wconf 74' lang='grc' dir='ltr'>δὲ</span> <span class='ocrx_word' id='word_1_289' title='bbox 1363 3853 1379 3910; x_wconf 82' lang='grc' dir='ltr'>ὁ</span> <span class='ocrx_word' id='word_1_290' title='bbox 1398 3851 1444 3907; x_wconf 80' lang='grc' dir='ltr'>ου’·</span> 
     </span>
     <span class='ocr_line' id='line_1_35' title="bbox 334 3937 1443 4014; baseline -0.011 -14"><span class='ocrx_word' id='word_1_291' title='bbox 334 3949 382 4012; x_wconf 86' lang='grc' dir='ltr'><em>τ’ὸς</em></span> <span class='ocrx_word' id='word_1_292' title='bbox 394 3949 503 4014; x_wconf 73' lang='grc' dir='ltr'><em>(Αἴλιος</em></span> <span class='ocrx_word' id='word_1_293' title='bbox 515 3943 676 4010; x_wconf 79' lang='grc' dir='ltr'><em>Διονύσιος)</em></span> <span class='ocrx_word' id='word_1_294' title='bbox 693 3947 739 3997; x_wconf 81' lang='grc' dir='ltr'>καὶ</span> <span class='ocrx_word' id='word_1_295' title='bbox 753 3943 798 3998; x_wconf 81' lang='grc' dir='ltr'>ὅτι</span> <span class='ocrx_word' id='word_1_296' title='bbox 816 3945 943 4006; x_wconf 82' lang='grc' dir='ltr'><em>ἐλαίας</em></span> <span class='ocrx_word' id='word_1_297' title='bbox 960 3947 1005 3997; x_wconf 79' lang='grc' dir='ltr'>καλ</span> <span class='ocrx_word' id='word_1_298' title='bbox 1026 3942 1131 4004; x_wconf 88' lang='grc' dir='ltr'><em>ἐλάας</em></span> <span class='ocrx_word' id='word_1_299' title='bbox 1144 3943 1259 3997; x_wconf 74' lang='grc' dir='ltr'><em>Ἀττικοὶ</em></span> <span class='ocrx_word' id='word_1_300' title='bbox 1277 3940 1328 3997; x_wconf 74' lang='grc' dir='ltr'>τὸν</span> <span class='ocrx_word' id='word_1_301' title='bbox 1340 3937 1443 4008; x_wconf 77' lang='grc' dir='ltr'><em>καρπὸν</em></span> 
     </span>
    </p>
   </div>
   <div class='ocr_carea' id='block_1_6' title="bbox 332 4033 833 4182">
    <p class='ocr_par' dir='ltr' id='par_1_8' title="bbox 332 4033 833 4182">
     <span class='ocr_line' id='line_1_36' title="bbox 332 4033 434 4102; baseline 0.02 -16"><span class='ocrx_word' id='word_1_302' title='bbox 332 4033 434 4102; x_wconf 64' lang='lat' dir='ltr'>rrae.</span> 
     </span>
     <span class='ocr_line' id='line_1_37' title="bbox 383 4112 833 4182; baseline -0.011 -12"><span class='ocrx_word' id='word_1_303' title='bbox 383 4119 426 4182; x_wconf 83' lang='grc'>29)</span> <span class='ocrx_word' id='word_1_304' title='bbox 444 4113 485 4170; x_wconf 81' lang='lat' dir='ltr'>ef.</span> <span class='ocrx_word' id='word_1_305' title='bbox 506 4121 529 4181; x_wconf 78' lang='lat'>§.</span> <span class='ocrx_word' id='word_1_306' title='bbox 550 4117 574 4168; x_wconf 86' lang='lat'>8.</span> <span class='ocrx_word' id='word_1_307' title='bbox 592 4143 626 4152; x_wconf 92' lang='lat'><em>-</em></span> <span class='ocrx_word' id='word_1_308' title='bbox 643 4116 685 4182; x_wconf 84' lang='lat'>30)</span> <span class='ocrx_word' id='word_1_309' title='bbox 705 4112 746 4168; x_wconf 83' lang='lat' dir='ltr'>ef.</span> <span class='ocrx_word' id='word_1_310' title='bbox 765 4119 787 4179; x_wconf 68' lang='grc' dir='ltr'>ξ.</span> <span class='ocrx_word' id='word_1_311' title='bbox 809 4115 833 4166; x_wconf 88' lang='grc'>8.</span> 
     </span>
    </p>
   </div>
   <div class='ocr_carea' id='block_1_7' title="bbox 0 0 1548 4966">
    <p class='ocr_par' dir='ltr' id='par_1_9' title="bbox 0 0 1548 4966">
     <span class='ocr_line' id='line_1_38' title="bbox 0 0 1548 4966; baseline 0 0"><span class='ocrx_word' id='word_1_312' title='bbox 0 0 1548 4966; x_wconf 95' lang='lat' dir='ltr'> </span> 
     </span>
    </p>
   </div>
  </div>
 </body>
</html>
