3034 4964
634 452 674 516 45

552 533 761 546 *nu——

88 642 154 705 qne
192 630 225 686 et
260 623 350 712 apud
383 624 638 714 iambographos
672 651 737 696 non
772 631 837 696 nisi
868 641 1053 698 contractas
1087 635 1209 702 formas

85 719 280 786 ostendunt:
860 716 869 738 ⁹

152 818 248 906 Tyrt
274 827 322 904 11,
345 828 383 890 13
400 825 770 910 σαοῦσι(Βο11οιαοοοο,
792 852 822 895 v.
842 824 988 912 οάοασι);
1012 836 1075 915 5,3
1096 823 1207 912 ἀροῦν.

82 916 203 986 Mimn.
228 926 257 1002 2,
282 926 320 988 12
340 925 523 1006 τροχοῧται.
566 925 632 994 Sol.
655 934 684 1010 4,
707 933 747 995 35
768 918 931 1012 ἀμαυροῖ,
956 935 1005 1012 27,
1026 927 1209 1008 6-λαχνοῧ-

81 1037 152 1082 ται.
198 1017 343 1106 Theogn
373 1027 434 1090 325
461 1021 601 1108 χολῷτο.
647 1030 705 1092 192
733 1029 958 1108 μαυροῦσθαι.
1010 1034 1069 1098 582
1097 1021 1207 1111 ἀροῦν.

81 1121 150 1184 868
173 1119 261 1184 ααοῑ.

152 1215 253 1282 Aroh.
283 1226 355 1285 tetr.
378 1225 433 1302 56,
462 1227 482 1288 2
510 1213 675 1304 ὀρθοῦσιν
703 1230 731 1292 3.
754 1223 798 1310 pl.
805 1273 814 1307 ,
843 1232 898 1308 75,
930 1233 960 1292 1:
994 1224 1207 1312 γουνουμένῳ.

80 1337 136 1402 ep.
162 1319 203 1384 95
224 1311 433 1398 χολούμενος.
453 1357 494 1368 -
514 1319 591 1387 Sim.
613 1327 643 1404 7,
665 1326 704 1390 63
727 1319 855 1389 λοῦται.
873 1359 915 1372 -
936 1323 1038 1413 Hipp.
1059 1336 1099 1393 tr.
1123 1333 1169 1410 16,
1188 1333 1207 1394 2

79 1423 115 1480 et
150 1420 199 1490 17,
232 1421 243 1481 1
274 1417 365 1500 ῥιγῶ.
416 1425 473 1486 130
499 1423 781 1506 παρεκνημοῦνοο.
801 1459 843 1470 -
871 1423 935 1490 Sei
958 1427 1015 1509 34,
1045 1434 1057 1492 1
1086 1421 1208 1505 χολού-
1301 1459 1303 1464 ·

76 1535 194 1593 μενοι.

150 1613 326 1680 Vooalium
356 1636 395 1679 oo
424 1625 456 1684 et
481 1637 540 1680 ooo
567 1619 602 1684 in
631 1621 797 1706 praesenti
824 1630 856 1688 et
884 1623 1074 1709 imperfecto
1096 1625 1206 1691 Ionioe

77 1735 162 1778 enm
186 1733 223 1776 so
245 1719 305 1793 (eo)
327 1718 621 1802 por-mutatorum)
641 1717 764 1784 nullum
786 1728 834 1784 est
852 1722 1035 1807 vestigium.
1066 1723 1206 1790 Omnino

75 1835 152 1878 non
173 1813 235 1877 toti
254 1811 328 1878 ledi
348 1812 430 1882 haee
449 1817 533 1884 ratio
550 1820 734 1884 eommunis
754 1821 855 1884 fuisse
876 1819 1014 1888 videtur.
1045 1823 1129 1888 Nam
1146 1823 1206 1889 soli

75 1911 164 1978 libri
187 1910 370 1978 Herodotei
391 1913 487 1980 huius
509 1917 558 1982 rei
580 1917 731 2004 exempla
751 1919 898 1985 offenmt.

146 2011 272 2078 Forma
293 2035 359 2078 non
380 2020 547 2080 oontraota
569 2009 658 2093 ζόειν
678 2039 775 2102 quam
790 2017 954 2082 Porsonus
973 2017 1045 2084 looo
1061 2020 1206 2104 graviter

76 2121 242 2198 oorrupto
264 2111 343 2178 Sim
370 2119 402 2195 1,
427 2119 465 2179 17
487 2135 547 2202 pro
571 2109 666 2193 ζώειν
687 2117 811 2202 posuit,
839 2139 911 2182 oum
931 2120 1116 2204 reperiatur
1135 2129 1205 2184 tan·

74 2223 152 2277 tum
175 2209 307 2278 Anthol.
332 2217 379 2296 13,
400 2217 449 2296 21,
472 2235 569 2301 quam
589 2216 731 2280 maxime
753 2213 854 2282 dubia
875 2224 933 2284 est.

593 2503 622 2584 a.
649 2505 696 2567 19.

109 2683 111 2686 ·
212 2645 272 2712 De
294 2649 587 2734 coniugatione
608 2649 741 2714 altera
767 2651 808 2714 in
829 2672 875 2731 μι
896 2653 1094 2718 exeunti*

149 2817 180 2891 1)
203 2811 265 2876 Do
285 2812 446 2897 vorbis,
469 2835 572 2902 quae
594 2816 635 2881 in
655 2817 868 2903 praesenti
888 2819 1204 2884 terminationes

75 2937 169 2980 oum
191 2913 285 3000 ipsa
303 2914 433 2999 stirpe
455 2917 718 3001 coniungunt.

144 3011 249 3078 Haud
270 3035 346 3078 raro
369 3011 451 3078 haee
471 3013 583 3097 verba,
605 3016 639 3079 in
660 3014 823 3090 nonnullis
839 3014 956 3080 saltem
969 3016 1092 3098 formis,
1115 3016 1203 3102 apud

73 3115 182 3180 Ionas
212 3113 247 3176 in
274 3113 416 3198 priorem
449 3115 710 3199 coniugationem
738 3125 922 3197 transeunt,
952 3117 999 3179 ito
1030 3124 1067 3180 ut
1092 3115 1204 3200 stirpis

74 3210 211 3278 vocalis
232 3210 347 3276 ultinm
374 3209 446 3277 loeo
475 3211 598 3279 vooalis
620 3213 815 3280 thematioae
843 3211 1017 3280 ,verborum
1049 3235 1204 3300 purorum

74 3311 254 3377 habeatur.

145 3409 204 3475 Sio
220 3414 249 3476 2.
266 3419 298 3475 et
313 3416 341 3478 3.
358 3433 500 3498 persona
523 3433 570 3498 eg.
587 3433 692 3498 praes.
715 3411 889 3477 verborum
910 3403 1039 3496 τίθημι,
1066 3401 1199 3490 δίδωμι,

75 3510 200 3594 tatem
230 3507 272 3574 ab
300 3507 468 3576 Herodoto
495 3509 582 3576 fleoti
610 3509 698 3578 solet
742 3509 850 3590 Quam
881 3509 1107 3576 formationem
1135 3509 1202 3574 Ho-

76 3629 195 3676 merus
215 3617 248 3672 et
269 3607 404 3695 elegiaci
425 3618 555 3696 praeter
570 3609 704 3675 alteram
718 3609 885 3694 vulgarem
900 3611 935 3674 in
952 3607 1079 3674 duobus
1093 3608 1203 3674 verbis

133 3865 162 3924 7)
182 3858 290 3928 Sequor
305 3855 469 3926 Abiohtnm‚
494 3856 542 3928 qni
564 3857 632 3911 dioit
653 3871 683 3910 se
706 3856 872 3910 sententiam
894 3869 973 3910 suam
992 3855 1148 3910 aeouratius
1173 3855 1202 3908 in

78 3943 237 4017 specimine
250 3941 286 3998 Π.
305 3941 499 4011 quaestionum
509 3941 544 3994 de
557 3940 622 3995 dial.
635 3941 701 3996 Her.
714 3939 901 4011 expositurum
913 3954 981 4006 esse,
1000 3954 1099 4010 nempe
1112 3939 1203 3994 nisum

78 4031 110 4086 in
121 4042 200 4084 nova
212 4023 442 4098 praestantiisimi
454 4023 556 4079 oodioio
568 4023 724 4080 oouauone.
744 4023 896 4080 Bredorins
907 4027 1004 4078 eontra
1013 4039 1079 4094 pag.
1087 4026 1134 4080 391
1142 4039 1202 4094 sqq.

78 4112 271 4171 contractioni
287 4110 318 4164 in
336 4130 367 4166 ao
384 4107 495 4166 vocales
513 4127 550 4174 οε,
567 4129 606 4172 oo,
624 4129 673 4164 ooo
689 4108 828 4162 subiectas
846 4123 905 4164 esse
922 4106 1069 4162 exufimat.
