3148 4958
743 1271 1046 1371 uarurri

393 1560 439 1610 un
462 1557 785 1612 raruouvmconun
804 1557 1048 1605 ruumrrnnun
1069 1557 1106 1604 nv
1126 1537 1161 1602 ιδ
1183 1550 1214 1606 et
1236 1537 1294 1606 ιαδ
1314 1561 1398 1608 son·

741 1655 897 1706 narrans
920 1655 1059 1705 terrun.

419 1811 447 1888 ξ.
469 1816 518 1878 43.
560 1807 793 1896 Patronymica
827 1804 996 1888 feminina,
1030 1829 1166 1894 quorum
1196 1807 1341 1873 themata
1361 1811 1396 1874 in
1419 1807 1454 1874 ιδ

309 1913 310 1916 ’
336 1906 388 1972 vel
412 1905 470 1970 ιαδ
492 1907 651 1990 desinunt,
673 1909 703 1972 ei
723 1905 958 1994 adjectivorum
980 1907 1102 1991 generi,
1125 1905 1214 1994 quod
1234 1907 1354 1974 Graeci
1377 1933 1453 1994 κτη-

335 2001 413 2070 τικᾶ
437 2009 604 2096 appellare
626 2006 791 2089 solebant,
812 2005 1058 2070 adnumeranda
1081 2029 1152 2070 esse
1174 2008 1241 2093 jam
1262 2017 1337 2072 ante
1358 2012 1400 2092 (ξ.
1422 2014 1452 2086 2)

339 2105 596 2172 demonstratum
619 2117 676 2172 est.
708 2106 876 2171 Formatio
899 2114 1007 2170 autem
1029 2115 1061 2170 et
1073 2105 1164 2192 origo
1182 2129 1292 2172 eorum
1304 2107 1399 2173 aliter
1411 2107 1451 2173 ab

336 2207 409 2274 aliis
433 2205 741 2278 doctis.hominibus
765 2205 929 2292 explicata
951 2213 1014 2270 est:
1039 2229 1136 2294 quam
1157 2207 1383 2273 formationem
1398 2231 1452 2274 an-

336 2308 419 2396 tiqui
431 2307 563 2395 quidam
572 2307 787 2393 grammatici,
805 2308 889 2370 inter
905 2328 985 2392 quos
999 2305 1192 2393 Apollonius
1207 2307 1374 2394 Sophiste,
1390 2309 1452 2374 sibi

335 2407 516 2490 finxissent,
539 2429 638 2493 supra
661 2410 701 2488 (ξ.
724 2409 754 2481 2)
784 2407 1122 2490 commemoravimus3
1154 2407 1236 2472 alias
1265 2407 1451 2495 explicandi

300 2517 305 2524 '
337 2507 409 2570 vias
439 2517 552 2572 nostra
580 2515 686 2570 aetate
715 2503 848 2569 Budenz
879 2509 947 2581 (das
979 2511 1075 2590 suffia
1108 2499 1166 2582 κός
1194 2514 1266 2585 etc.)
1295 2517 1327 2572 et
1345 2508 1450 2573 Bush-

267 2607 274 2614 ’
335 2605 383 2672 ler
414 2610 481 2683 (dns
511 2610 693 2688 priuatiscte
722 2609 975 2688 Secuadr'irsuffloe
1005 2627 1078 2691 της;
1120 2605 1159 2671 ef.
1183 2611 1210 2688 ἓ.
1234 2612 1266 2686 8)
1300 2609 1450 2689 inierunt,
1565 2649 1566 2708 ᾗ

336 2727 475 2794 quorum
496 2704 578 2770 alter
599 2707 716 2770 mirum
738 2703 883 2792 pro’feeto
910 2728 1062 2770 sonorum
1090 2707 1261 2770 transitum
1283 2705 1452 2772 statuendo
1565 2715 1566 2726 *

258 2823 261 2830 ’
337 2805 383 2870 eis
404 2805 526 2896 ferinas
550 2806 749 2894 principales
776 2807 809 2868 in
833 2827 865 2867 ικ
893 2813 925 2868 et
947 2826 989 2866 ακ
1017 2803 1192 2886 substituit,
1214 2804 1296 2870 alter
1318 2805 1452 2870 eandem

335 2904 521 2992 inquirendi
542 2909 629 2970 viam
651 2907 817 2992 ingressus
841 2904 883 2969 ad
904 2903 1025 2968 formas
1048 2904 1247 2992 principales
1268 2905 1302 2968 in
1323 2920 1351 2970 ῐτ
1366 2914 1398 2969 et
1415 2905 1453 2966 ἇι

336 3006 495 3092 pervenit,
518 3028 535 3070 e
557 3005 673 3094 quibus
696 3016 728 3071 et
749 3005 912 3094 adjectiva
932 3007 966 3068 in
985 2999 1060 3079 ικός
1082 3014 1113 3070 et
1135 2999 1216 3080 ακός
1237 3013 1296 3069 etc.
1320 3014 1351 3068 et
1364 3004 1452 3068 femi·
1477 3032 1481 3038 ·

337 3105 415 3168 nina
436 3105 470 3168 in
494 3103 528 3167 ιδ
543 3114 575 3170 et
589 3103 633 3168 ud
646 3113 844 3193 repetuntur.
889 3105 958 3168 Nee
976 3105 1081 3189 magis
1094 3103 1267 3190 probanda
1282 3112 1331 3170 est
1345 3103 1454 3168 Ebelii
1565 3129 1566 3188 ;

340 3207 508 3288 sententia,
531 3209 585 3294 qui
607 3205 660 3281 (K.
684 3206 720 3271 Z.
743 3205 800 3287 IV,
823 3227 853 3290 p.
877 3207 949 3281 336)
982 3226 1022 3266 ex
1050 3216 1104 3266 ant
1126 3203 1242 3268 suffixo
1265 3225 1324 3290 per
1346 3207 1369 3266 ir
1390 3203 1454 3268 for·
1565 3207 1566 3270 i

336 3326 423 3368 mam
447 3305 602 3370 feminina
623 3307 657 3370 in
680 3303 714 3368 ιδ
727 3313 768 3369 ‘et
789 3301 847 3366 ιαδ
871 3302 989 3366 ducere
1010 3302 1087 3368 vult.

419 3407 448 3485 ξ.
471 3410 520 3470 44.
564 3405 677 3469 Potius
698 3412 734 3466 ut
754 3403 893 3488 primum
907 3401 947 3466 de
959 3401 1083 3466 formae
1103 3404 1136 3465 in
1160 3399 1195 3464 ιδ
1209 3403 1333 3488 origine
1348 3425 1454 3488 agam,

334 3504 464 3589 Boppio
487 3501 732 3568 assentiendum
752 3524 823 3566 esse
844 3524 968 3582 censeo,
992 3502 1046 3587 qui
1069 3501 1182 3586 (vergl.
1206 3499 1263 3566 Gr.
1285 3505 1316 3583 ᾗ.
1330 3506 1401 3585 919,
1426 3509 1455 3580 1)

336 3602 490 3667 hanceis
511 3602 643 3688 linguae
667 3603 846 3666 sanseritae
861 3599 1033 3688 adjectivis
1049 3599 1240 3665 derivativis
1257 3595 1455 3688 respondere

334 3705 472 3787 putavit,
497 3703 580 3790 quae
601 3701 708 3766 vocali
730 3702 856 3788 primae
878 3700 1025 3788 syllabae
1040 3700 1222 3764 sanseritae
1236 3700 1367 3786 linguae
1380 3723 1454 3788 pro·
1565 3729 1566 3790 ι

334 3803 406 3887 prio
428 3802 524 3867 modo
547 3823 605 3888 per
626 3804 747 3863 ariddti
769 3810 866 3866 aucta
884 3811 916 3865 et
937 3807 1073 3866 accentu
1094 3799 1128 3862 in
1142 3797 1289 3864 ultimam
1310 3809 1414 3866 tracto
1436 3825 1457 3862 a
1565 3797 1566 3858 ἶ

335 3900 444 3964 suffixi
475 3923 536 3987 ope
563 3900 762 3983 derivantur,
792 3909 828 3965 ut
854 3923 886 3965 v.
916 3923 944 3965 n.
966 3905 1103 3982 ejas-du
1130 3899 1291 3976 (ferreus),
1309 3921 1351 3963 ex
1380 3892 1452 3978 rijas

333 3999 484 4078 (ferrum)
509 4001 685 4086 primitivo,
708 4008 739 4064 et
762 3992 883 4080 dgr-dn
906 4001 1065 4089 (equinus)
1089 4022 1131 4063 ex
1151 3991 1260 4079 aqva-g
1282 3999 1450 4084 primitivo

327 4098 429 4187 Quae
451 4100 479 4164 si
501 4121 518 4163 e
538 4098 724 4167 nominibus
739 4101 882 4190 propriis
900 4098 1097 4180 derivantur,
1119 4099 1379 4186 patronymicam
1395 4099 1453 4166 ha-
