3070 4962
586 419 642 482 161
720 431 723 436 ’

79 600 150 686 quod
177 598 295 666 Strabo
322 598 438 683 tradit,
468 598 732 666 Schneidewinus
764 597 901 662 coniecit
929 588 1170 673 δικάσσασθαις

79 721 243 788 quanquam
264 699 403 764 fortasse
431 697 678 786 praeferendum
700 705 748 761 est
771 689 970 772 δικάζεσθαι
977 745 986 778 ,
1009 697 1096 782 quod
1116 721 1170 762 ex-

78 797 171 862 hibent
186 797 353 884 Diogenes
369 798 530 880 Laertius,
546 795 703 878 Eudocia,
722 795 840 860 Suidas
856 795 939 870 (bis).
976 795 1048 861 Non
1066 799 1170 862 minus

79 896 194 962 dubium
215 908 280 980 est,
309 906 417 962 utrum
438 898 477 963 fr.
499 902 538 963 84
561 919 634 962 cum
655 893 820 959 Meinekio
841 885 1069 978 bnopyoiooutll
1094 897 1171 960 scri-

78 995 200 1062 bendum
228 997 284 1079 sit,
321 1019 465 1062 ancum
489 995 631 1081 Bergkio
664 987 866 1077 inceptione,
902 1016 944 1058 an
976 994 1172 1060 servandum

22 1085 23 1093 ¹
79 1087 260 1178 iooqyoicct,
284 1096 330 1159 ita
346 1103 382 1160 ut
402 1118 503 1184 purus
526 1103 711 1160 tetrameter
734 1094 880 1158 exsistat.

126 1209 259 1290 Quodin
267 1221 370 1276 metro
383 1211 549 1276 trochaico
564 1209 691 1276 admitti
701 1218 816 1294 potest,
829 1208 914 1272 idem
924 1231 1021 1296 quam
1029 1210 1171 1273 maxime

80 1305 216 1374 abhorret
238 1308 279 1374 ab
302 1309 419 1375 iambis
441 1333 557 1396 puram
580 1297 753 1374 dialectum
773 1309 918 1400 Ionicam
939 1307 1172 1393 flagitantibus.

79 1406 275 1472 Vehementer
291 1409 389 1494 igitur
411 1409 601 1476 offendimus
617 1409 650 1472 in
665 1406 856 1490 archaismo,
871 1409 926 1494 qui
940 1407 1059 1494 legitur
1072 1407 1171 1474 Areh.

79 1513 108 1570 tr.
127 1511 177 1574 30:
201 1501 420 1594 ἔσμυρισμένη
437 1511 464 1584 3)
488 1503 615 1590 uerterit
637 1503 694 1570 καὶ
715 1507 849 1592 στῆθος,
868 1500 913 1583 ὡς
934 1499 975 1570 ἂν
995 1503 1049 1570 καὶ
1070 1501 1174 1590 γέρων

79 1596 299 1692 ἠράσσατσΗ.
341 1607 395 1691 At,
422 1609 564 1693 inquies,
592 1607 753 1694 reperitur
774 1605 876 1694 Hipp.
894 1617 934 1680 tr.
956 1613 984 1681 2,
1012 1615 1042 1672 1:
1066 1597 1173 1688 ἄμμο-

79 1724 123 1784 ρος
141 1700 281 1792 καύηςΗ,
307 1707 394 1793 quod
406 1731 426 1772 a
438 1708 537 1772 vanis
551 1707 743 1771 coniecturis
765 1707 842 1771 satis
854 1716 955 1770 tutum
970 1715 1026 1772 eat.
1071 1705 1173 1786 Quasi

80 1825 140 1868 vero
161 1809 270 1872 omnia
294 1830 363 1886 ,una
390 1806 566 1892 eademque
594 1828 709 1870 norma
731 1805 901 1891 dirigenda
924 1807 995 1870 sint.
1041 1803 1173 1869 Etenim

80 1890 212 1985 inpones
237 1915 374 1993 est’yox
396 1928 438 1970 ex
458 1905 594 1971 Homeri
622 1904 819 1970 carminibus
842 1904 1043 1996 deprompta.
1086 1904 1172 1984 Quo-

81 2021 137 2064 cum
157 1999 279 2089 optime
295 2007 456 2070 *convenit
476 2027 564 2087 eam,
597 2027 694 2092 quam
716 2003 758 2070 ab
786 2005 911 2088 origine
932 2002 1088 2086 habebat,
1110 2003 1172 2070 ior·

80 2120 150 2196 nam
177 2105 326 2186 retineri,
354 2106 546 2190 praesertim
569 2126 641 2168 eum
670 2104 736 2166 iam
759 2126 795 2168 eo
818 2103 905 2188 ipso,
936 2103 1021 2190 quod
1042 2103 1076 2166 in
1098 2112 1173 2190 poe-

80 2207 119 2262 tae
137 2199 247 2287 hngua
274 2203 385 2288 patria.
400 2199 471 2268 'non
492 2205 613 2268 usitata
634 2211 697 2284 est,
718 2224 752 2266 se
773 2203 867 2286 quasi
886 2200 1075 2288 profiteatur
1097 2211 1173 2288 poe·

81 2298 169 2368 ticam.
214 2300 321 2382 Quam
342 2308 416 2367 euin
436 2303 555 2390 recipit
574 2311 687 2389 poeta,
708 2323 772 2368 non
794 2312 909 2388 peceat
929 2303 963 2366 in
981 2301 1174 2366 formatione

81 2395 130 2463 late
158 2402 282 2486 patenti
289 2439 307 2482 ,=
337 2403 489 2488 quoniam
516 2403 642 2467 ratione
673 2399 813 2488 quadam
847 2400 1003 2488 peculiari
1034 2400 1174 2464 formata
1274 2467 1278 2474 ,

82 2508 131 2580 est3
160 2508 328 2586 peccaret,
362 2501 390 2564 si
413 2500 526 2567 formis
548 2510 705 2584 uteretur,
739 2503 877 2586 quaein
905 2496 1042 2564 dialecto
1065 2501 1174 2584 patria

82 2618 132 2660 una
152 2593 229 2662 cum'
243 2599 533 2666 innumerabilibus
562 2600 634 2665 aliis
659 2599 824 2665 diversam
844 2621 991 2665 normam
1014 2608 1174 2663 secuntur.

82 2695 174 2781 Adde,
208 2697 296 2783 quod
327 2700 456 2766 omnino
483 2701 742 2785 ugeminatum,
776 2721 850 2764 cum
877 2692 981 2780 μόρος
1009 2698 1043 2762 in
1069 2696 1175 2762 fronte

83 2815 240 2862 consonam
260 2819 325 2862 non
345 2799 493 2863 amisisse
514 2798 680 2880 videatur,
704 2797 838 2862 debetur
860 2807 984 2862 tantum
1006 2807 1174 2862 consuetu·

82 2892 136 2959 dini
166 2895 212 2960 illi
241 2895 451 2980 Homericae,
486 2919 527 2961 ex
561 2919 640 2984 qua.
656 2905 730 2962 ante
751 2897 879 2962 nasalee
898 2919 922 2976 μ
945 2905 976 2960 et
996 2919 1029 2972 ν,
1055 2898 1175 2984 quippe

83 3014 150 3078 quae
169 2994 350 3060 habeantur
370 2997 404 3060 in
424 3019 535 3060 earum
558 2997 800 3060 consonantium
814 3018 932 3082 genere
955 3017 1037 3082 quae
1058 2996 1174 3060 duran-

82 3100 120 3156 tes
139 3103 303 3176 vocantur,
325 3093 486 3158 interdum
506 3094 616 3160 brevis
640 3093 766 3180 syllaba
787 3093 987 3181 producitur.
1004 3129 1041 3140 -
1062 3095 1175 3178 Itaque

83 3182 230 3275 ἠράσσατο
263 3194 334 3257 sine
365 3192 578 3259 haesitatione
610 3192 753 3257 librariis
783 3191 890 3275 tribuo
911 3191 1047 3257 Homeri
1077 3192 1175 3256 diale-

84 3300 155 3356 ctum
176 3291 214 3358 ab
229 3291 309 3357 Iade
330 3293 510 3358 recentiore
531 3315 595 3358 non
610 3301 762 3357 accurate
785 3290 1066 3377 distinguentibus,
1090 3290 1174 3355 Seri-

84 3386 206 3456 hendum
241 3390 369 3456 videtur
400 3383 559 3478 ἠρήσατο,
572 3425 576 3438 x
591 3393 731 3457 aoristus
761 3389 853 3455 verbi
890 3383 1051 3473 ε’ράσμσι,
1090 3390 1176 3478 quod

85 3491 207 3555 mtivam
234 3490 504 3576 significationem
531 3489 638 3556 habet.
656 3492 680 3570 ⁴)
723 3488 877 3577 Similiter
896 3489 1000 3577 Hipp.
1027 3491 1088 3556 inc.
1119 3495 1175 3556 127

142 3741 166 3807 3)
182 3737 248 3794 (ium
261 3739 400 3796 Meinekio
419 3741 458 3806 (in
471 3740 604 3796 analectis
617 3727 719 3810 critiiie
736 3731 773 3792 ad
784 3739 959 3796 Athenaeum
970 3757 997 3811 p.
1012 3741 1071 3808 336)
1089 3740 1177 3810 probo
1195 3769 1197 3774 .

87 3816 148 3876 hane
164 3821 324 3906 Wakefieldi
341 3824 526 3892 coniecturam
542 3840 593 3896 pro
610 3825 825 3898 ἐσμυρισμένας.

143 3925 168 3988 1)
185 3922 221 3980 ef.
241 3931 272 3978 Π
292 3928 342 3979 208
366 3924 525 3996 φυλόπιδος
549 3928 624 3996 μέγα
645 3924 734 3997 ἔργον,
760 3923 805 3991 ἕης
828 3927 859 3979 τὸ
880 3930 949 3996 πρίν
970 3923 995 3993 γ’
1016 3919 1177 3994 ἐράασθε.

88 3999 187 4074 Sappho
211 4007 263 4076 (ed.
292 4007 408 4079 Bergk.)
445 4007 477 4064 fr.
505 4012 551 4062 13:
575 4005 669 4076 Ἔγνω
695 4007 727 4061 δὲ
751 4011 808 4074 κῆ»)
836 4007 940 4077 ‹ir-nrm
971 4028 1013 4070 τις
1043 4005 1193 4079 ἐρᾶται.’

89 4083 211 4147 Theocrit.
231 4091 283 4173 (ed.
302 4091 452 4161 Fritzsche)
471 4091 493 4162 1,
512 4097 556 4147 79:
576 4089 798 4162 τίνος-ἔρᾶσαι.
832 4089 869 4160 ll,
887 4096 932 4148 49:
950 4086 1027 4165 κῇπέ
1041 4110 1090 4164 μοι
1109 4086 1177 4144 ἄλλα

242 4221 243 4226 ,
364 4201 368 4208 ·
938 4179 967 4229 11
