<?xml version="1.0" encoding="UTF-8"?>
<!DOCTYPE html PUBLIC "-//W3C//DTD XHTML 1.0 Transitional//EN"
    "http://www.w3.org/TR/xhtml1/DTD/xhtml1-transitional.dtd">
<html xmlns="http://www.w3.org/1999/xhtml" xml:lang="en" lang="en">
 <head>
  <title>
</title>
<meta http-equiv="Content-Type" content="text/html;charset=utf-8" />
  <meta name='ocr-system' content='tesseract 3.04.00' />
  <meta name='ocr-capabilities' content='ocr_page ocr_carea ocr_par ocr_line ocrx_word'/>
</head>
<body>
  <div class='ocr_page' id='page_1' title='image "./studienzurgriec00vanigoog/studienzurgriec00vanigoog_0517.png"; bbox 0 0 3088 4966; ppageno 0'>
   <div class='ocr_carea' id='block_1_1' title="bbox 634 479 694 542">
    <p class='ocr_par' dir='ltr' id='par_1_1' title="bbox 634 479 694 542">
     <span class='ocr_line' id='line_1_1' title="bbox 634 479 694 542; baseline 0 0"><span class='ocrx_word' id='word_1_1' title='bbox 634 479 694 542; x_wconf 89' lang='grc'>229</span> 
     </span>
    </p>
   </div>
   <div class='ocr_carea' id='block_1_2' title="bbox 100 655 1222 1740">
    <p class='ocr_par' dir='ltr' id='par_1_2' title="bbox 100 655 1222 1740">
     <span class='ocr_line' id='line_1_2' title="bbox 190 655 1220 734; baseline 0.007 -14"><span class='ocrx_word' id='word_1_2' title='bbox 190 655 266 720; x_wconf 88' lang='lat' dir='ltr'>Non</span> <span class='ocrx_word' id='word_1_3' title='bbox 288 664 395 722; x_wconf 87' lang='lat' dir='ltr'>autem</span> <span class='ocrx_word' id='word_1_4' title='bbox 416 655 501 722; x_wconf 90' lang='lat' dir='ltr'>hanc</span> <span class='ocrx_word' id='word_1_5' title='bbox 521 659 779 726; x_wconf 80' lang='lat' dir='ltr'>terminationem</span> <span class='ocrx_word' id='word_1_6' title='bbox 802 659 941 726; x_wconf 87' lang='lat' dir='ltr'>alienam</span> <span class='ocrx_word' id='word_1_7' title='bbox 961 682 1067 734; x_wconf 80' lang='lat' dir='ltr'>essee.</span> <span class='ocrx_word' id='word_1_8' title='bbox 1084 659 1220 728; x_wconf 88' lang='lat' dir='ltr'>dialecto</span> 
     </span>
     <span class='ocr_line' id='line_1_3' title="bbox 102 754 1220 845; baseline 0.007 -25"><span class='ocrx_word' id='word_1_9' title='bbox 102 754 220 820; x_wconf 88' lang='lat' dir='ltr'>Attica</span> <span class='ocrx_word' id='word_1_10' title='bbox 248 765 377 842; x_wconf 88' lang='lat' dir='ltr'>praeter</span> <span class='ocrx_word' id='word_1_11' title='bbox 397 759 682 841; x_wconf 89' lang='lat' dir='ltr'>grammaticorum</span> <span class='ocrx_word' id='word_1_12' title='bbox 694 761 734 837; x_wconf 76' lang='lat'>⁹⁶)</span> <span class='ocrx_word' id='word_1_13' title='bbox 762 761 1060 845; x_wconf 83' lang='lat' dir='ltr'>ctinsoriptionum</span> <span class='ocrx_word' id='word_1_14' title='bbox 1072 763 1112 838; x_wconf 80' lang='lat'>⁹⁷)</span> <span class='ocrx_word' id='word_1_15' title='bbox 1134 764 1220 828; x_wconf 90' lang='lat' dir='ltr'>testi·</span> 
     </span>
     <span class='ocr_line' id='line_1_4' title="bbox 103 855 1220 947; baseline 0.009 -31"><span class='ocrx_word' id='word_1_16' title='bbox 103 855 219 918; x_wconf 89' lang='lat' dir='ltr'>monia</span> <span class='ocrx_word' id='word_1_17' title='bbox 248 863 360 941; x_wconf 88' lang='lat' dir='ltr'>aperte</span> <span class='ocrx_word' id='word_1_18' title='bbox 388 855 610 922; x_wconf 85' lang='lat' dir='ltr'>demonstrant</span> <span class='ocrx_word' id='word_1_19' title='bbox 632 856 857 944; x_wconf 77' lang='lat' dir='ltr'><strong>Thucydides,</strong></span> <span class='ocrx_word' id='word_1_20' title='bbox 889 859 944 945; x_wconf 92' lang='lat' dir='ltr'>qui</span> <span class='ocrx_word' id='word_1_21' title='bbox 972 860 1006 922; x_wconf 93' lang='lat' dir='ltr'>in</span> <span class='ocrx_word' id='word_1_22' title='bbox 1036 858 1220 947; x_wconf 90' lang='lat' dir='ltr'>plusquam-</span> 
     </span>
     <span class='ocr_line' id='line_1_5' title="bbox 102 951 1220 1040; baseline 0.009 -24"><span class='ocrx_word' id='word_1_23' title='bbox 102 951 255 1037; x_wconf 84' lang='lat' dir='ltr'>perfecto</span> <span class='ocrx_word' id='word_1_24' title='bbox 277 955 479 1039; x_wconf 89' lang='lat' dir='ltr'>potissimum</span> <span class='ocrx_word' id='word_1_25' title='bbox 507 955 653 1022; x_wconf 83' lang='lat' dir='ltr'>faciliore</span> <span class='ocrx_word' id='word_1_26' title='bbox 686 955 743 1020; x_wconf 88' lang='lat' dir='ltr'>illa</span> <span class='ocrx_word' id='word_1_27' title='bbox 772 958 877 1022; x_wconf 90' lang='lat' dir='ltr'>forma</span> <span class='ocrx_word' id='word_1_28' title='bbox 904 959 1014 1040; x_wconf 89' lang='lat' dir='ltr'>utitur,</span> <span class='ocrx_word' id='word_1_29' title='bbox 1043 969 1074 1024; x_wconf 88' lang='lat' dir='ltr'>et</span> <span class='ocrx_word' id='word_1_30' title='bbox 1096 959 1220 1026; x_wconf 90' lang='lat' dir='ltr'>Aristo·</span> 
     </span>
     <span class='ocr_line' id='line_1_6' title="bbox 102 1051 1220 1145; baseline 0.007 -30"><span class='ocrx_word' id='word_1_31' title='bbox 102 1051 290 1136; x_wconf 78' lang='lat' dir='ltr'>phanes,⁹⁸)</span> <span class='ocrx_word' id='word_1_32' title='bbox 313 1055 368 1141; x_wconf 90' lang='lat' dir='ltr'>qui</span> <span class='ocrx_word' id='word_1_33' title='bbox 389 1077 490 1141; x_wconf 89' lang='lat' dir='ltr'>aeque</span> <span class='ocrx_word' id='word_1_34' title='bbox 512 1078 551 1120; x_wconf 90' lang='lat' dir='ltr'>ac</span> <span class='ocrx_word' id='word_1_35' title='bbox 571 1056 689 1141; x_wconf 87' lang='lat' dir='ltr'>tragici</span> <span class='ocrx_word' id='word_1_36' title='bbox 709 1067 824 1143; x_wconf 77' lang='lat' dir='ltr'>poetae</span> <span class='ocrx_word' id='word_1_37' title='bbox 847 1066 879 1120; x_wconf 89' lang='lat' dir='ltr'>ct</span> <span class='ocrx_word' id='word_1_38' title='bbox 893 1057 1108 1136; x_wconf 69' lang='lat' dir='ltr'>Homerusll)</span> <span class='ocrx_word' id='word_1_39' title='bbox 1131 1068 1220 1145; x_wconf 90' lang='lat' dir='ltr'>opta-</span> 
     </span>
     <span class='ocr_line' id='line_1_7' title="bbox 101 1151 1220 1222; baseline 0.009 -10"><span class='ocrx_word' id='word_1_40' title='bbox 101 1151 210 1214; x_wconf 88' lang='lat' dir='ltr'>tivum</span> <span class='ocrx_word' id='word_1_41' title='bbox 235 1174 274 1215; x_wconf 89' lang='lat' dir='ltr'>ea</span> <span class='ocrx_word' id='word_1_42' title='bbox 294 1155 520 1219; x_wconf 84' lang='lat' dir='ltr'>terminatione</span> <span class='ocrx_word' id='word_1_43' title='bbox 549 1155 592 1220; x_wconf 89' lang='lat' dir='ltr'>ad</span> <span class='ocrx_word' id='word_1_44' title='bbox 617 1178 824 1220; x_wconf 89' lang='lat' dir='ltr'>numerorum</span> <span class='ocrx_word' id='word_1_45' title='bbox 850 1158 1008 1222; x_wconf 86' lang='lat' dir='ltr'>rationem</span> <span class='ocrx_word' id='word_1_46' title='bbox 1038 1156 1146 1222; x_wconf 85' lang='lat' dir='ltr'>reddit</span> <span class='ocrx_word' id='word_1_47' title='bbox 1167 1181 1220 1222; x_wconf 90' lang='lat' dir='ltr'>ac·</span> 
     </span>
     <span class='ocr_line' id='line_1_8' title="bbox 104 1250 1222 1340; baseline 0.01 -28"><span class='ocrx_word' id='word_1_48' title='bbox 104 1250 413 1332; x_wconf 83' lang='lat' dir='ltr'>commodatiorem3</span> <span class='ocrx_word' id='word_1_49' title='bbox 444 1255 518 1340; x_wconf 91' lang='lat' dir='ltr'>ipsa</span> <span class='ocrx_word' id='word_1_50' title='bbox 543 1253 666 1318; x_wconf 86' lang='lat' dir='ltr'>scilicet</span> <span class='ocrx_word' id='word_1_51' title='bbox 690 1253 818 1321; x_wconf 91' lang='lat' dir='ltr'>illorum</span> <span class='ocrx_word' id='word_1_52' title='bbox 846 1256 1078 1324; x_wconf 85' lang='lat' dir='ltr'>vocabulorum</span> <span class='ocrx_word' id='word_1_53' title='bbox 1104 1267 1222 1322; x_wconf 89' lang='lat' dir='ltr'>natura</span> 
     </span>
     <span class='ocr_line' id='line_1_9' title="bbox 101 1335 1220 1444; baseline 0.007 -32"><span class='ocrx_word' id='word_1_54' title='bbox 101 1359 220 1436; x_wconf 89' lang='lat' dir='ltr'>utpote</span> <span class='ocrx_word' id='word_1_55' title='bbox 246 1351 386 1416; x_wconf 89' lang='lat' dir='ltr'>iambica</span> <span class='ocrx_word' id='word_1_56' title='bbox 408 1341 589 1432; x_wconf 61' lang='lat' dir='ltr'>(diffluat,</span> <span class='ocrx_word' id='word_1_57' title='bbox 615 1335 764 1434; x_wconf 63' lang='lat' dir='ltr'>flatura)</span> <span class='ocrx_word' id='word_1_58' title='bbox 794 1357 914 1442; x_wconf 87' lang='lat' dir='ltr'>optime</span> <span class='ocrx_word' id='word_1_59' title='bbox 944 1356 1083 1444; x_wconf 87' lang='lat' dir='ltr'>quadrat</span> <span class='ocrx_word' id='word_1_60' title='bbox 1110 1356 1143 1420; x_wconf 93' lang='lat' dir='ltr'>in</span> <span class='ocrx_word' id='word_1_61' title='bbox 1164 1358 1220 1420; x_wconf 89' lang='lat' dir='ltr'>tri·</span> 
     </span>
     <span class='ocr_line' id='line_1_10' title="bbox 103 1450 1219 1538; baseline 0.004 -25"><span class='ocrx_word' id='word_1_62' title='bbox 103 1451 206 1514; x_wconf 89' lang='lat' dir='ltr'>metri</span> <span class='ocrx_word' id='word_1_63' title='bbox 222 1450 355 1516; x_wconf 81' lang='lat' dir='ltr'>iambici</span> <span class='ocrx_word' id='word_1_64' title='bbox 376 1453 531 1538; x_wconf 88' lang='lat' dir='ltr'>ordinem,</span> <span class='ocrx_word' id='word_1_65' title='bbox 556 1479 576 1520; x_wconf 94' lang='lat' dir='ltr'>a</span> <span class='ocrx_word' id='word_1_66' title='bbox 598 1457 799 1521; x_wconf 89' lang='lat' dir='ltr'>cantieorum</span> <span class='ocrx_word' id='word_1_67' title='bbox 820 1457 930 1520; x_wconf 90' lang='lat' dir='ltr'>metris</span> <span class='ocrx_word' id='word_1_68' title='bbox 953 1455 1034 1520; x_wconf 88' lang='lat' dir='ltr'>adeo</span> <span class='ocrx_word' id='word_1_69' title='bbox 1058 1454 1219 1538; x_wconf 89' lang='lat' dir='ltr'>abhorret,</span> 
     </span>
     <span class='ocr_line' id='line_1_11' title="bbox 103 1549 1218 1642; baseline 0.007 -30"><span class='ocrx_word' id='word_1_70' title='bbox 103 1557 140 1612; x_wconf 95' lang='lat' dir='ltr'>ut</span> <span class='ocrx_word' id='word_1_71' title='bbox 167 1549 260 1636; x_wconf 87' lang='lat' dir='ltr'>apud</span> <span class='ocrx_word' id='word_1_72' title='bbox 281 1549 479 1639; x_wconf 84' lang='lat' dir='ltr'>Aeschylum</span> <span class='ocrx_word' id='word_1_73' title='bbox 502 1565 533 1620; x_wconf 91' lang='lat' dir='ltr'>et</span> <span class='ocrx_word' id='word_1_74' title='bbox 552 1554 745 1642; x_wconf 86' lang='lat' dir='ltr'>Sophoclem</span> <span class='ocrx_word' id='word_1_75' title='bbox 767 1557 850 1619; x_wconf 89' lang='lat' dir='ltr'>inter</span> <span class='ocrx_word' id='word_1_76' title='bbox 873 1554 954 1620; x_wconf 91' lang='lat' dir='ltr'>XIV</span> <span class='ocrx_word' id='word_1_77' title='bbox 981 1557 1048 1620; x_wconf 85' lang='lat' dir='ltr'>eius</span> <span class='ocrx_word' id='word_1_78' title='bbox 1070 1557 1218 1620; x_wconf 83' lang='lat' dir='ltr'>termina·</span> 
     </span>
     <span class='ocr_line' id='line_1_12' title="bbox 100 1650 1220 1740; baseline 0.006 -27"><span class='ocrx_word' id='word_1_79' title='bbox 100 1650 204 1714; x_wconf 87' lang='lat' dir='ltr'>tionis</span> <span class='ocrx_word' id='word_1_80' title='bbox 229 1650 379 1736; x_wconf 85' lang='lat' dir='ltr'>exempla</span> <span class='ocrx_word' id='word_1_81' title='bbox 400 1651 433 1716; x_wconf 94' lang='grc' dir='ltr'>Π</span> <span class='ocrx_word' id='word_1_82' title='bbox 455 1654 520 1718; x_wconf 90' lang='lat' dir='ltr'>sint</span> <span class='ocrx_word' id='word_1_83' title='bbox 540 1656 755 1737; x_wconf 88' lang='lat' dir='ltr'>canticorum,</span> <span class='ocrx_word' id='word_1_84' title='bbox 788 1653 1006 1720; x_wconf 90' lang='lat' dir='ltr'>diverbiorum</span> <span class='ocrx_word' id='word_1_85' title='bbox 1029 1653 1109 1736; x_wconf 89' lang='lat' dir='ltr'>XII,</span> <span class='ocrx_word' id='word_1_86' title='bbox 1133 1653 1220 1740; x_wconf 90' lang='lat' dir='ltr'>apud</span> 
     </span>
    </p>
   </div>
   <div class='ocr_carea' id='block_1_3' title="bbox 100 1745 1218 1939">
    <p class='ocr_par' dir='ltr' id='par_1_3' title="bbox 100 1745 1218 1939">
     <span class='ocr_line' id='line_1_13' title="bbox 100 1745 1218 1836; baseline 0.006 -25"><span class='ocrx_word' id='word_1_87' title='bbox 100 1747 285 1813; x_wconf 84' lang='lat' dir='ltr'>Pindarum</span> <span class='ocrx_word' id='word_1_88' title='bbox 310 1772 408 1814; x_wconf 92' lang='lat' dir='ltr'>unum</span> <span class='ocrx_word' id='word_1_89' title='bbox 435 1753 592 1819; x_wconf 86' lang='lat' dir='ltr'>eiusmodi</span> <span class='ocrx_word' id='word_1_90' title='bbox 614 1762 719 1818; x_wconf 87' lang='lat' dir='ltr'>exstet</span> <span class='ocrx_word' id='word_1_91' title='bbox 739 1753 874 1818; x_wconf 87' lang='lat' dir='ltr'>verbum</span> <span class='ocrx_word' id='word_1_92' title='bbox 902 1745 1080 1834; x_wconf 78' lang='grc' dir='ltr'><em>μεμναίατ’</em></span> <span class='ocrx_word' id='word_1_93' title='bbox 1103 1755 1218 1836; x_wconf 80' lang='lat' dir='ltr'>fragm.</span> 
     </span>
     <span class='ocr_line' id='line_1_14' title="bbox 101 1848 674 1939; baseline 0.005 -26"><span class='ocrx_word' id='word_1_94' title='bbox 101 1852 173 1914; x_wconf 87' lang='grc'>292.</span> <span class='ocrx_word' id='word_1_95' title='bbox 201 1848 260 1914; x_wconf 85' lang='lat' dir='ltr'>Bo.</span> <span class='ocrx_word' id='word_1_96' title='bbox 274 1853 323 1913; x_wconf 86' lang='lat'>70.</span> <span class='ocrx_word' id='word_1_97' title='bbox 345 1849 517 1934; x_wconf 86' lang='lat' dir='ltr'>ng.·(Mo.</span> <span class='ocrx_word' id='word_1_98' title='bbox 542 1876 574 1939; x_wconf 88' lang='lat' dir='ltr'>p.</span> <span class='ocrx_word' id='word_1_99' title='bbox 594 1857 674 1931; x_wconf 87' lang='grc'>489).</span> 
     </span>
    </p>
   </div>
   <div class='ocr_carea' id='block_1_4' title="bbox 503 2215 835 2316">
    <p class='ocr_par' dir='ltr' id='par_1_4' title="bbox 503 2215 835 2316">
     <span class='ocr_line' id='line_1_15' title="bbox 503 2215 835 2316; baseline 0.006 -2"><span class='ocrx_word' id='word_1_100' title='bbox 503 2215 721 2314; x_wconf 82' lang='lat' dir='ltr'><strong>CAPUT</strong></span> <span class='ocrx_word' id='word_1_101' title='bbox 746 2217 835 2316; x_wconf 91' lang='grc' dir='ltr'><strong>ΙΙΙ.</strong></span> 
     </span>
    </p>
   </div>
   <div class='ocr_carea' id='block_1_5' title="bbox 343 2431 958 2486">
    <p class='ocr_par' dir='ltr' id='par_1_5' title="bbox 343 2431 958 2486">
     <span class='ocr_line' id='line_1_16' title="bbox 343 2431 958 2486; baseline 0.01 -8"><span class='ocrx_word' id='word_1_102' title='bbox 343 2455 345 2460; x_wconf 84' lang='grc'><em>·</em></span> <span class='ocrx_word' id='word_1_103' title='bbox 369 2431 417 2480; x_wconf 80' lang='grc' dir='ltr'>ΒΕ</span> <span class='ocrx_word' id='word_1_104' title='bbox 439 2433 587 2484; x_wconf 79' lang='lat' dir='ltr'>vocmus</span> <span class='ocrx_word' id='word_1_105' title='bbox 609 2435 720 2484; x_wconf 78' lang='lat' dir='ltr'>EPICIS</span> <span class='ocrx_word' id='word_1_106' title='bbox 742 2437 788 2484; x_wconf 79' lang='grc' dir='ltr'>ΕΤ</span> <span class='ocrx_word' id='word_1_107' title='bbox 809 2433 958 2486; x_wconf 72' lang='lat' dir='ltr'>nomem.</span> 
     </span>
    </p>
   </div>
   <div class='ocr_carea' id='block_1_6' title="bbox 190 2577 1220 2670">
    <p class='ocr_par' dir='ltr' id='par_1_6' title="bbox 190 2577 1220 2670">
     <span class='ocr_line' id='line_1_17' title="bbox 190 2577 1220 2670; baseline 0.001 -25"><span class='ocrx_word' id='word_1_108' title='bbox 190 2577 359 2646; x_wconf 83' lang='lat' dir='ltr'>Absolutis</span> <span class='ocrx_word' id='word_1_109' title='bbox 390 2580 558 2647; x_wconf 86' lang='lat' dir='ltr'>vocabulis</span> <span class='ocrx_word' id='word_1_110' title='bbox 587 2583 705 2649; x_wconf 90' lang='lat' dir='ltr'>Atticis</span> <span class='ocrx_word' id='word_1_111' title='bbox 735 2580 989 2670; x_wconf 87' lang='lat' dir='ltr'>antiquioribus,</span> <span class='ocrx_word' id='word_1_112' title='bbox 1025 2580 1064 2646; x_wconf 91' lang='lat' dir='ltr'>de</span> <span class='ocrx_word' id='word_1_113' title='bbox 1095 2581 1220 2668; x_wconf 84' lang='lat' dir='ltr'>quibus,</span> 
     </span>
    </p>
   </div>
   <div class='ocr_carea' id='block_1_7' title="bbox 105 2679 1334 2772">
    <p class='ocr_par' dir='ltr' id='par_1_7' title="bbox 105 2679 1334 2772">
     <span class='ocr_line' id='line_1_18' title="bbox 105 2679 1334 2772; baseline 0.005 -30"><span class='ocrx_word' id='word_1_114' title='bbox 105 2701 181 2744; x_wconf 91' lang='lat' dir='ltr'>cum</span> <span class='ocrx_word' id='word_1_115' title='bbox 203 2702 268 2744; x_wconf 91' lang='lat' dir='ltr'>non</span> <span class='ocrx_word' id='word_1_116' title='bbox 289 2703 364 2745; x_wconf 87' lang='lat' dir='ltr'>raro</span> <span class='ocrx_word' id='word_1_117' title='bbox 383 2682 467 2744; x_wconf 87' lang='lat' dir='ltr'>inter</span> <span class='ocrx_word' id='word_1_118' title='bbox 497 2705 532 2747; x_wconf 89' lang='lat' dir='ltr'>se</span> <span class='ocrx_word' id='word_1_119' title='bbox 559 2701 744 2772; x_wconf 89' lang='lat' dir='ltr'>pugnarent</span> <span class='ocrx_word' id='word_1_120' title='bbox 768 2681 924 2746; x_wconf 92' lang='lat' dir='ltr'>librorum</span> <span class='ocrx_word' id='word_1_121' title='bbox 946 2679 1026 2745; x_wconf 90' lang='lat' dir='ltr'>fidcs</span> <span class='ocrx_word' id='word_1_122' title='bbox 1056 2689 1088 2746; x_wconf 90' lang='lat' dir='ltr'>et</span> <span class='ocrx_word' id='word_1_123' title='bbox 1116 2705 1219 2766; x_wconf 84' lang='lat' dir='ltr'>gram.</span> <span class='ocrx_word' id='word_1_124' title='bbox 1332 2679 1334 2689; x_wconf 77' lang='lat'>&#39;</span> 
     </span>
    </p>
   </div>
   <div class='ocr_carea' id='block_1_8' title="bbox 48 2779 1278 3657">
    <p class='ocr_par' dir='ltr' id='par_1_8' title="bbox 48 2779 1278 3657">
     <span class='ocr_line' id='line_1_19' title="bbox 107 2779 1219 2870; baseline 0.001 -27"><span class='ocrx_word' id='word_1_125' title='bbox 107 2781 305 2843; x_wconf 88' lang='lat' dir='ltr'>matioorum</span> <span class='ocrx_word' id='word_1_126' title='bbox 326 2783 511 2864; x_wconf 86' lang='lat' dir='ltr'>auctoritas,</span> <span class='ocrx_word' id='word_1_127' title='bbox 533 2785 695 2870; x_wconf 89' lang='lat' dir='ltr'>copiosius</span> <span class='ocrx_word' id='word_1_128' title='bbox 717 2785 879 2846; x_wconf 87' lang='lat' dir='ltr'>interdum</span> <span class='ocrx_word' id='word_1_129' title='bbox 898 2779 1123 2844; x_wconf 88' lang='lat' dir='ltr'>disserendum</span> <span class='ocrx_word' id='word_1_130' title='bbox 1140 2791 1219 2864; x_wconf 88' lang='lat' dir='ltr'>erat,</span> 
     </span>
     <span class='ocr_line' id='line_1_20' title="bbox 105 2876 1219 2970; baseline 0.002 -30"><span class='ocrx_word' id='word_1_131' title='bbox 105 2876 389 2963; x_wconf 86' lang='lat' dir='ltr'>transgrediamur</span> <span class='ocrx_word' id='word_1_132' title='bbox 411 2881 454 2947; x_wconf 91' lang='lat' dir='ltr'>ad</span> <span class='ocrx_word' id='word_1_133' title='bbox 476 2881 596 2948; x_wconf 89' lang='lat' dir='ltr'>formas</span> <span class='ocrx_word' id='word_1_134' title='bbox 615 2883 757 2968; x_wconf 89' lang='lat' dir='ltr'>epicas</span> <span class='ocrx_word' id='word_1_135' title='bbox 777 2903 859 2970; x_wconf 90' lang='lat' dir='ltr'>quae</span> <span class='ocrx_word' id='word_1_136' title='bbox 882 2879 1047 2954; x_wconf 63' lang='lat' dir='ltr'>dicuntum</span> <span class='ocrx_word' id='word_1_137' title='bbox 1068 2902 1130 2965; x_wconf 90' lang='lat' dir='ltr'>quo</span> <span class='ocrx_word' id='word_1_138' title='bbox 1152 2881 1219 2964; x_wconf 88' lang='lat' dir='ltr'>qui·</span> 
     </span>
     <span class='ocr_line' id='line_1_21' title="bbox 107 2975 1219 3067; baseline 0.004 -27"><span class='ocrx_word' id='word_1_139' title='bbox 107 2975 182 3042; x_wconf 90' lang='lat' dir='ltr'>dem</span> <span class='ocrx_word' id='word_1_140' title='bbox 208 2977 335 3042; x_wconf 90' lang='lat' dir='ltr'>nomine</span> <span class='ocrx_word' id='word_1_141' title='bbox 351 3002 461 3045; x_wconf 91' lang='lat' dir='ltr'>omnes</span> <span class='ocrx_word' id='word_1_142' title='bbox 484 2979 786 3067; x_wconf 87' lang='lat' dir='ltr'>comprehendimus</span> <span class='ocrx_word' id='word_1_143' title='bbox 809 3001 864 3044; x_wconf 89' lang='lat' dir='ltr'>eas</span> <span class='ocrx_word' id='word_1_144' title='bbox 885 2979 1007 3044; x_wconf 89' lang='lat' dir='ltr'>formas</span> <span class='ocrx_word' id='word_1_145' title='bbox 1026 2979 1060 3041; x_wconf 92' lang='lat' dir='ltr'>in</span> <span class='ocrx_word' id='word_1_146' title='bbox 1082 2978 1219 3044; x_wconf 90' lang='lat' dir='ltr'>dialecto</span> 
     </span>
     <span class='ocr_line' id='line_1_22' title="bbox 106 3075 1278 3166; baseline 0 -25"><span class='ocrx_word' id='word_1_147' title='bbox 106 3075 219 3141; x_wconf 88' lang='lat' dir='ltr'>Attica</span> <span class='ocrx_word' id='word_1_148' title='bbox 231 3099 295 3142; x_wconf 90' lang='lat' dir='ltr'>non</span> <span class='ocrx_word' id='word_1_149' title='bbox 310 3081 456 3162; x_wconf 88' lang='lat' dir='ltr'>usitatas,</span> <span class='ocrx_word' id='word_1_150' title='bbox 480 3101 562 3166; x_wconf 91' lang='lat' dir='ltr'>quae</span> <span class='ocrx_word' id='word_1_151' title='bbox 578 3079 729 3164; x_wconf 88' lang='lat' dir='ltr'>quoniam</span> <span class='ocrx_word' id='word_1_152' title='bbox 752 3079 786 3142; x_wconf 93' lang='lat' dir='ltr'>in</span> <span class='ocrx_word' id='word_1_153' title='bbox 800 3077 935 3144; x_wconf 88' lang='lat' dir='ltr'>Homeri</span> <span class='ocrx_word' id='word_1_154' title='bbox 957 3077 1154 3141; x_wconf 89' lang='lat' dir='ltr'>carminibus</span> <span class='ocrx_word' id='word_1_155' title='bbox 1174 3079 1220 3141; x_wconf 92' lang='lat' dir='ltr'>in·</span> <span class='ocrx_word' id='word_1_156' title='bbox 1276 3123 1278 3128; x_wconf 89' lang='lat'>-</span> 
     </span>
     <span class='ocr_line' id='line_1_23' title="bbox 107 3175 1233 3263; baseline 0.002 -25"><span class='ocrx_word' id='word_1_157' title='bbox 107 3176 297 3258; x_wconf 86' lang='lat' dir='ltr'>veniuntur,</span> <span class='ocrx_word' id='word_1_158' title='bbox 319 3198 360 3240; x_wconf 88' lang='lat' dir='ltr'>ex</span> <span class='ocrx_word' id='word_1_159' title='bbox 383 3177 433 3242; x_wconf 87' lang='lat' dir='ltr'>his</span> <span class='ocrx_word' id='word_1_160' title='bbox 457 3187 605 3263; x_wconf 90' lang='lat' dir='ltr'>sumptae</span> <span class='ocrx_word' id='word_1_161' title='bbox 628 3199 699 3242; x_wconf 86' lang='lat' dir='ltr'>esse</span> <span class='ocrx_word' id='word_1_162' title='bbox 721 3179 834 3242; x_wconf 91' lang='lat' dir='ltr'>sinon</span> <span class='ocrx_word' id='word_1_163' title='bbox 856 3175 1005 3258; x_wconf 89' lang='lat' dir='ltr'>debeant,</span> <span class='ocrx_word' id='word_1_164' title='bbox 1029 3185 1062 3240; x_wconf 88' lang='lat' dir='ltr'>at</span> <span class='ocrx_word' id='word_1_165' title='bbox 1083 3177 1233 3261; x_wconf 83' lang='lat' dir='ltr'>possint</span> 
     </span>
     <span class='ocr_line' id='line_1_24' title="bbox 48 3271 1220 3366; baseline 0.001 -29"><span class='ocrx_word' id='word_1_166' title='bbox 48 3302 51 3311; x_wconf 95' lang='lat'>·</span> <span class='ocrx_word' id='word_1_167' title='bbox 107 3271 202 3338; x_wconf 87' lang='lat' dir='ltr'>Haec</span> <span class='ocrx_word' id='word_1_168' title='bbox 222 3283 329 3338; x_wconf 89' lang='lat' dir='ltr'>autem</span> <span class='ocrx_word' id='word_1_169' title='bbox 348 3275 449 3341; x_wconf 88' lang='lat' dir='ltr'>verba</span> <span class='ocrx_word' id='word_1_170' title='bbox 472 3279 548 3366; x_wconf 90' lang='lat' dir='ltr'>quia</span> <span class='ocrx_word' id='word_1_171' title='bbox 572 3286 603 3342; x_wconf 90' lang='lat' dir='ltr'>et</span> <span class='ocrx_word' id='word_1_172' title='bbox 623 3277 717 3340; x_wconf 87' lang='lat' dir='ltr'>metri</span> <span class='ocrx_word' id='word_1_173' title='bbox 740 3278 864 3342; x_wconf 87' lang='lat' dir='ltr'>ratione</span> <span class='ocrx_word' id='word_1_174' title='bbox 893 3275 1045 3362; x_wconf 90' lang='lat' dir='ltr'>pleraque</span> <span class='ocrx_word' id='word_1_175' title='bbox 1067 3274 1109 3339; x_wconf 92' lang='lat' dir='ltr'>ab</span> <span class='ocrx_word' id='word_1_176' title='bbox 1134 3276 1220 3339; x_wconf 93' lang='lat' dir='ltr'>omni</span> 
     </span>
     <span class='ocr_line' id='line_1_25' title="bbox 109 3373 1220 3463; baseline 0.002 -27"><span class='ocrx_word' id='word_1_177' title='bbox 109 3375 192 3437; x_wconf 89' lang='lat' dir='ltr'>artis</span> <span class='ocrx_word' id='word_1_178' title='bbox 231 3373 363 3438; x_wconf 86' lang='lat' dir='ltr'>criticae</span> <span class='ocrx_word' id='word_1_179' title='bbox 396 3379 579 3463; x_wconf 88' lang='lat' dir='ltr'>suspicione</span> <span class='ocrx_word' id='word_1_180' title='bbox 616 3375 830 3440; x_wconf 91' lang='lat' dir='ltr'>defenduntur</span> <span class='ocrx_word' id='word_1_181' title='bbox 869 3384 900 3439; x_wconf 88' lang='lat' dir='ltr'>et</span> <span class='ocrx_word' id='word_1_182' title='bbox 924 3397 1021 3439; x_wconf 92' lang='lat' dir='ltr'>unam</span> <span class='ocrx_word' id='word_1_183' title='bbox 1051 3373 1220 3438; x_wconf 83' lang='lat' dir='ltr'>dumtaxat</span> 
     </span>
     <span class='ocr_line' id='line_1_26' title="bbox 108 3472 1219 3564; baseline 0.002 -29"><span class='ocrx_word' id='word_1_184' title='bbox 108 3473 315 3559; x_wconf 88' lang='lat' dir='ltr'>omniumque</span> <span class='ocrx_word' id='word_1_185' title='bbox 331 3474 399 3538; x_wconf 90' lang='lat' dir='ltr'>fere</span> <span class='ocrx_word' id='word_1_186' title='bbox 417 3497 618 3541; x_wconf 91' lang='lat' dir='ltr'>communem</span> <span class='ocrx_word' id='word_1_187' title='bbox 626 3476 795 3564; x_wconf 88' lang='lat' dir='ltr'>requirunt</span> <span class='ocrx_word' id='word_1_188' title='bbox 806 3473 1065 3561; x_wconf 87' lang='lat' dir='ltr'>explicationem,</span> <span class='ocrx_word' id='word_1_189' title='bbox 1088 3472 1219 3537; x_wconf 88' lang='lat' dir='ltr'>brevius</span> 
     </span>
     <span class='ocr_line' id='line_1_27' title="bbox 108 3571 1218 3657; baseline 0.003 -22"><span class='ocrx_word' id='word_1_190' title='bbox 108 3594 194 3636; x_wconf 89' lang='lat' dir='ltr'>nunc</span> <span class='ocrx_word' id='word_1_191' title='bbox 217 3571 345 3657; x_wconf 87' lang='lat' dir='ltr'>singula</span> <span class='ocrx_word' id='word_1_192' title='bbox 366 3577 583 3640; x_wconf 87' lang='lat' dir='ltr'>enumeraturi</span> <span class='ocrx_word' id='word_1_193' title='bbox 605 3598 730 3657; x_wconf 87' lang='lat' dir='ltr'>sumus;</span> <span class='ocrx_word' id='word_1_194' title='bbox 754 3573 794 3639; x_wconf 90' lang='lat' dir='ltr'>de</span> <span class='ocrx_word' id='word_1_195' title='bbox 818 3580 971 3640; x_wconf 89' lang='lat' dir='ltr'>universa</span> <span class='ocrx_word' id='word_1_196' title='bbox 993 3574 1134 3638; x_wconf 91' lang='lat' dir='ltr'>omnium</span> <span class='ocrx_word' id='word_1_197' title='bbox 1155 3573 1218 3638; x_wconf 88' lang='lat' dir='ltr'>for·</span> 
     </span>
    </p>
   </div>
   <div class='ocr_carea' id='block_1_9' title="bbox 113 3818 1217 4230">
    <p class='ocr_par' dir='ltr' id='par_1_9' title="bbox 159 3818 489 3890">
     <span class='ocr_line' id='line_1_28' title="bbox 159 3818 489 3890; baseline -0.006 -14"><span class='ocrx_word' id='word_1_198' title='bbox 159 3821 202 3888; x_wconf 77' lang='lat'>90)</span> <span class='ocrx_word' id='word_1_199' title='bbox 220 3818 261 3876; x_wconf 81' lang='lat' dir='ltr'>Cf.</span> <span class='ocrx_word' id='word_1_200' title='bbox 279 3819 366 3874; x_wconf 86' lang='lat' dir='ltr'>Moer.</span> <span class='ocrx_word' id='word_1_201' title='bbox 383 3837 410 3890; x_wconf 88' lang='lat' dir='ltr'>p.</span> <span class='ocrx_word' id='word_1_202' title='bbox 433 3823 489 3874; x_wconf 80' lang='lat'><strong>154.</strong></span> 
     </span>
    </p>

    <p class='ocr_par' dir='ltr' id='par_1_10' title="bbox 159 3901 757 3979">
     <span class='ocr_line' id='line_1_29' title="bbox 159 3901 757 3979; baseline 0.007 -19"><span class='ocrx_word' id='word_1_203' title='bbox 159 3905 204 3972; x_wconf 83' lang='grc'>97)</span> <span class='ocrx_word' id='word_1_204' title='bbox 220 3919 244 3958; x_wconf 87' lang='lat' dir='ltr'>e.</span> <span class='ocrx_word' id='word_1_205' title='bbox 262 3919 287 3956; x_wconf 87' lang='lat' dir='ltr'>c.</span> <span class='ocrx_word' id='word_1_206' title='bbox 305 3901 441 3976; x_wconf 68' lang='lat' dir='ltr'>Rangabd</span> <span class='ocrx_word' id='word_1_207' title='bbox 459 3909 501 3974; x_wconf 86' lang='lat'>90,</span> <span class='ocrx_word' id='word_1_208' title='bbox 517 3907 582 3962; x_wconf 77' lang='lat'><strong>250:</strong></span> <span class='ocrx_word' id='word_1_209' title='bbox 600 3905 757 3979; x_wconf 76' lang='grc' dir='ltr'><em>ἐτετάχατο,</em></span> 
     </span>
    </p>

    <p class='ocr_par' dir='ltr' id='par_1_11' title="bbox 113 3987 1217 4146">
     <span class='ocr_line' id='line_1_30' title="bbox 162 3987 1217 4062; baseline 0.002 -18"><span class='ocrx_word' id='word_1_210' title='bbox 162 3989 205 4056; x_wconf 87' lang='grc'>98)</span> <span class='ocrx_word' id='word_1_211' title='bbox 224 3987 309 4057; x_wconf 90' lang='lat' dir='ltr'>Apud</span> <span class='ocrx_word' id='word_1_212' title='bbox 327 3989 598 4060; x_wconf 82' lang='lat' dir='ltr'>Aristophanem</span> <span class='ocrx_word' id='word_1_213' title='bbox 615 3991 683 4046; x_wconf 86' lang='lat' dir='ltr'>haec</span> <span class='ocrx_word' id='word_1_214' title='bbox 700 3991 846 4046; x_wconf 87' lang='lat' dir='ltr'>habemus:</span> <span class='ocrx_word' id='word_1_215' title='bbox 869 3991 920 4062; x_wconf 89' lang='lat' dir='ltr'>Eq.</span> <span class='ocrx_word' id='word_1_216' title='bbox 939 3993 996 4045; x_wconf 85' lang='grc'><strong>662.</strong></span> <span class='ocrx_word' id='word_1_217' title='bbox 1014 3990 1153 4057; x_wconf 68' lang='grc' dir='ltr'><strong><em>γενοίαθ’.</em></strong></span> <span class='ocrx_word' id='word_1_218' title='bbox 1183 3989 1217 4046; x_wconf 90' lang='lat' dir='ltr'>N.</span> 
     </span>
     <span class='ocr_line' id='line_1_31' title="bbox 113 4071 1217 4146; baseline -0.004 -18"><span class='ocrx_word' id='word_1_219' title='bbox 113 4074 184 4128; x_wconf 87' lang='grc'>1199.</span> <span class='ocrx_word' id='word_1_220' title='bbox 205 4071 363 4144; x_wconf 77' lang='grc' dir='ltr'><em>ὑφελοίατο.</em></span> <span class='ocrx_word' id='word_1_221' title='bbox 391 4075 443 4128; x_wconf 74' lang='lat' dir='ltr'>AV.</span> <span class='ocrx_word' id='word_1_222' title='bbox 464 4077 538 4128; x_wconf 76' lang='lat'><strong>1147.</strong></span> <span class='ocrx_word' id='word_1_223' title='bbox 556 4074 734 4146; x_wconf 68' lang='lat' dir='ltr'>reparatam.</span> <span class='ocrx_word' id='word_1_224' title='bbox 754 4075 820 4145; x_wconf 87' lang='lat' dir='ltr'>Lys.</span> <span class='ocrx_word' id='word_1_225' title='bbox 840 4077 881 4129; x_wconf 84' lang='lat'>42.</span> <span class='ocrx_word' id='word_1_226' title='bbox 900 4075 931 4129; x_wconf 92' lang='grc' dir='ltr'>Ρ.</span> <span class='ocrx_word' id='word_1_227' title='bbox 951 4075 1217 4130; x_wconf 68' lang='lat' dir='ltr'>mammaeam.</span> 
     </span>
    </p>

    <p class='ocr_par' dir='ltr' id='par_1_12' title="bbox 161 4155 905 4230">
     <span class='ocr_line' id='line_1_32' title="bbox 161 4155 905 4230; baseline 0.004 -18"><span class='ocrx_word' id='word_1_228' title='bbox 161 4156 204 4226; x_wconf 90' lang='grc'>99)</span> <span class='ocrx_word' id='word_1_229' title='bbox 222 4155 357 4213; x_wconf 81' lang='lat' dir='ltr'>Homerus</span> <span class='ocrx_word' id='word_1_230' title='bbox 374 4159 403 4214; x_wconf 92' lang='lat' dir='ltr'>in</span> <span class='ocrx_word' id='word_1_231' title='bbox 421 4157 544 4230; x_wconf 86' lang='lat' dir='ltr'>optativo</span> <span class='ocrx_word' id='word_1_232' title='bbox 562 4157 627 4212; x_wconf 89' lang='lat' dir='ltr'>solis</span> <span class='ocrx_word' id='word_1_233' title='bbox 643 4158 685 4212; x_wconf 84' lang='lat' dir='ltr'>his</span> <span class='ocrx_word' id='word_1_234' title='bbox 702 4159 788 4213; x_wconf 90' lang='lat' dir='ltr'>utitur</span> <span class='ocrx_word' id='word_1_235' title='bbox 804 4157 905 4215; x_wconf 87' lang='lat' dir='ltr'>formis.</span> 
     </span>
    </p>
   </div>
   <div class='ocr_carea' id='block_1_10' title="bbox 0 0 1550 4966">
    <p class='ocr_par' dir='ltr' id='par_1_13' title="bbox 0 0 1550 4966">
     <span class='ocr_line' id='line_1_33' title="bbox 0 0 1550 4966; baseline 0 0"><span class='ocrx_word' id='word_1_236' title='bbox 0 0 1550 4966; x_wconf 95' lang='lat' dir='ltr'> </span> 
     </span>
    </p>
   </div>
  </div>
 </body>
</html>
