3088 4966
767 489 922 577 ΕΟ-
947 571 974 574 ,-

316 691 441 734 marum
453 669 700 755 peregrinarum
711 669 836 730 ratione
849 675 880 729 et
892 666 1080 731 condicione
1090 666 1306 730 extremahac
1318 665 1427 750 dispu-

307 760 437 833 ¹tatione
460 789 565 854 pauca
579 767 765 830 adiciemus.
792 765 866 829 Ηοο
887 775 1013 830 tantum
1033 787 1246 830 commemoro
1260 763 1429 852 Euripidis

318 891 368 931 me
391 867 542 954 exempla
563 888 698 930 numero
719 887 824 950 paene
851 865 977 928 infinita
1008 887 1093 927 nunc
1115 864 1244 950 quidem
1268 887 1333 927 nun
1354 863 1430 927 alla·
1534 905 1535 926 2

317 978 425 1032 turum
446 990 516 1031 esse
536 967 601 1029 nisi
630 967 659 1028 si
680 964 722 1028 ad
743 963 899 1050 Aeschyli
930 973 961 1027 et
981 963 1150 1050 Sophoclis
1174 965 1356 1028 orationem
1380 985 1432 1026 ex·

319 1065 504 1152 plicandam
521 1087 563 1128 ex
579 1065 631 1128 his
642 1061 908 1150 quoque'aliquid
930 1063 1184 1126 redundaturum
1201 1085 1330 1148 sperem
1351 1061 1434 1125 utili-

317 1167 410 1247 tatis3
444 1166 628 1230 accuratius
650 1185 728 1228 vero
755 1185 806 1225 ms
827 1162 1016 1226 collaturum
1040 1185 1079 1226 ea
1103 1183 1184 1246 quae
1206 1162 1374 1226 Pindarus
1398 1163 1435 1224 si-

318 1264 426 1350 milia
447 1263 547 1345 dixit3
584 1272 739 1350 quantum
776 1263 861 1326 enim
894 1261 1087 1348 Euripides,
1122 1270 1157 1324 ut
1193 1262 1260 1324 iam
1300 1263 1435 1348 saepius

320 1363 589 1448 significavimus,
629 1361 786 1447 singulari
828 1361 966 1448 quodam
1007 1361 1227 1447 quaesitarum
1266 1369 1298 1424 et
1338 1360 1437 1448 plane

320 1465 567 1548 peregrinarum
588 1485 705 1526 vocum
737 1460 844 1524 studio
874 1459 994 1524 adduct
982 1471 1033 1523 tus
1064 1459 1105 1522 ab
1133 1469 1172 1522 ea
1198 1475 1316 1523 norma
1339 1481 1438 1543 quam

320 1561 502 1650 Aeschylus
530 1573 561 1626 et
588 1561 764 1645 Sophocles
793 1562 1028 1625 constituerant
1055 1559 1205 1640 recessit,
1234 1567 1366 1622 tantum
1400 1558 1440 1622 ad
1534 1641 1535 1650 ἵ

309 1663 509 1747 rtragoediae
531 1684 623 1726 usum
645 1659 733 1724 illust
735 1660 871 1724 randum
888 1659 975 1723 valet
962 1661 1095 1745 tpoesis
1110 1642 1234 1744 lyricae
1249 1657 1442 1722 similitudo.

403 1763 473 1840 Iam
494 1763 636 1850 primum
658 1783 883 1824 enumeramus

821 1995 852 2074 ξ.
877 1998 924 2058 10.

624 2111 750 2176 Voces
770 2133 851 2174 non
872 2114 1133 2187 contractas,

322 2248 404 2309 quae
412 2227 471 2290 etsi
479 2249 520 2290 ex
531 2236 624 2312 parte
631 2225 719 2312 apud
726 2225 854 2293 Atticos
864 2245 991 2313 quoque
998 2219 1073 2288 olim
1084 2223 1183 2287 fuisse
1190 2225 1224 2286 in
1234 2246 1296 2286 usu
1309 2223 1441 2303 debent,

320 2325 376 2388 illa
386 2335 495 2390 tamen
511 2335 617 2390 aetate
640 2327 708 2390 sine
731 2325 829 2390 dubio
844 2324 925 2389 adeo
938 2325 973 2388 in
981 2325 1055 2409 ipsa
1066 2323 1232 2388 hominum
1241 2321 1359 2407 lingua
1369 2345 1441 2386 eva·

321 2435 460 2490 nuerant
481 2435 516 2489 ut
537 2448 602 2491 nun
623 2427 690 2490 iam
710 2426 898 2489 viderentur
925 2445 967 2487 ex
989 2423 1173 2509 antiquiore
1199 2433 1350 2508 tempore
1372 2443 1442 2486 esse

323 2533 432 2589 servat
434 2547 509 2607 ae,
505 2525 567 2589 sed
588 2525 831 2612 peregrinitatis
853 2523 964 2610 utique
985 2544 1067 2614 prae
1089 2545 1124 2585 se
1142 2523 1265 2588 ferrent
1287 2523 1442 2608 speciem.
1534 2569 1535 2586 .

323 2621 440 2702 Quoia
454 2646 587 2688 numero
611 2615 749 2738 ἀείρω,
774 2615 929 2706 ἀεικής,
955 2613 1080 2683 ἀείδω
1090 2613 1241 2706 ,φάος,
1266 2617 1442 2704 ῥέεθρον

322 2722 369 2784 ita
390 2723 564 2787 universae
586 2725 678 2808 poesi
699 2721 847 2788 Graecae
866 2720 1007 2808 probata
1029 2727 1117 2801 sunt,
1146 2729 1184 2784 ut
1204 2719 1288 2783 haec
1310 2730 1442 2833 praeter

323 2821 445 2886 formas
468 2813 673 2908 volgares’
641 2814 736 2904 αι’ρω,
756 2813 861 2907 αἶκής,
887 2813 968 2906 ᾄδω,
992 2821 1072 2901 φῶς,
1098 2769 1235 2900 ῥεῖορον
1255 2828 1288 2882 et
1309 2821 1345 2882 in
1370 2843 1441 2883 can·

322 2921 448 2984 ticiset
470 2923 504 2984 in
526 2921 684 2986 diverbiis
707 2920 794 2985 nullo
817 2921 1010 3006 interposito
1040 2919 1104 2982 nisi
1132 2927 1197 2982 met
1198 2917 1227 2980 ri
1184 2917 1441 2986 tdiscrimine

323 3030 567 3108 usurparentur.
609 3019 752 3085 Habes
743 3021 842 3105 igitur

365 3111 500 3202 ἀείρω
508 3119 571 3206 Ag.
599 3125 683 3186 1525.
704 3123 826 3205 (anap.)
848 3117 938 3183 Pers
962 3123 1032 3186 661.
1054 3123 1163 3194 (cant.)
1195 3115 1284 3203 Sept
1301 3103 1440 3193 macl(

532 3217 650 3284 Trach.
674 3223 743 3286 216.
767 3225 797 3288 (o
799 3225 818 3296 )
860 3217 934 3282 Ant.
958 3221 1018 3282 418
1039 3216 1137 3294 (dia).

365 3307 507 3402 ἀεικής
529 3317 637 3383 Prom.
661 3325 709 3386 97.
733 3325 788 3397 (a.)
806 3323 876 3384 525.
898 3315 954 3394 ((1.)
981 3321 1067 3383 1042.
1091 3319 1145 3394 (a.)

365 3408 487 3478 ἀείδω
510 3417 571 3502 Ag.
598 3423 644 3484 16.
668 3415 723 3494 (d.)
747 3423 814 3486 708.
837 3421 889 3496 (c.)
912 3407 1092 3477 ἐπαείδει)
1114 3414 1175 3498 Ag.
1204 3421 1290 3481 1021.
1314 3419 1370 3492 (ο.)

365 3506 489 3600 ἀοιδή
509 3515 602 3580 Eum.
626 3521 696 3581 944.
720 3522 772 3594 (a.)
795 3515 856 3600 Ag.
878 3519 948 3582 979.
970 3521 1020 3592 (ο.)
1042 3513 1118 3578 Ant.
1140 3519 1210 3597 883.
1235 3513 1291 3590 (d.)

365 3605 515 3690 ἀοιδός
538 3624 569 3678 et
591 3607 696 3700 φοίος
718 3617 907 3701 saepissime
928 3615 1144 3678 inveniuntur.
1534 3689 1535 3708 ρ

364 3707 537 3796 ῥέεθρον
554 3713 671 3799 Agam.
687 3720 756 3780 210.
775 3717 828 3796 (ο)
841 3717 895 3792 ¹⁰⁰)
909 3715 1000 3778 Pers.
1018 3717 1085 3780 497.
1103 3712 1192 3789 (div.)
1212 3711 1281 3778 00.
1299 3718 1369 3780 687.
1386 3716 1437 3788 (ο.)

533 3814 608 3880 Ant.
635 3821 703 3882 105.
726 3819 778 3892 (c.)
801 3820 887 3882 1124.
912 3819 965 3892 (ο.)

377 4065 436 4132 100)
461 4058 658 4116 Dindorfius'
650 4077 680 4114 111
704 4060 840 4115 hocloco
867 4066 962 4131 aparte
987 4011 1118 4130 corrupto
1142 4060 1298 4120 Porscnum
1325 4061 1433 4112 secutus

325 4146 434 4218 scripsit
454 4147 586 4220 ῥείθροις
