3148 4958
322 597 403 664 Hes.
427 619 472 662 sc.
494 601 554 664 479
576 593 705 681 legitur.
749 597 850 684 Cujus
875 597 1078 681 primitivum
1099 596 1134 659 in
1158 617 1171 657 ι
1193 593 1329 658 desiisse
1347 603 1379 658 et
1400 615 1444 658 ex

321 699 472 762 vocativo
503 717 583 759 casu
604 696 718 778 Λητοῖ
739 705 771 760 et
799 718 841 760 ex
867 695 1151 780 inscriptionibus,
1182 695 1217 758 in
1248 693 1364 780 quibus
1385 716 1443 758 no-

322 796 479 860 minatIvo
511 816 590 856 casu
622 816 631 855 ι
664 793 883 880 subscriptum
919 802 982 876 est,
1017 801 1053 857 ut
1086 786 1242 875 Διονυσῴ
1279 791 1328 869 (O.
1355 793 1379 858 I.
1411 816 1443 856 n.

324 900 436 976 2151),
472 915 555 981 quae
582 893 747 978 scriptura
768 891 963 958 Heriodiani
985 893 1168 956 testimonio
1191 891 1307 969 (Bekk.
1330 891 1443 955 anecd.

324 1015 357 1080 p.
381 999 482 1070 1204.)
513 991 704 1075 affirmatur,
725 993 852 1057 elucere
872 991 952 1056 mihi
974 990 1112 1058 videtur.
1155 991 1224 1055 Nec
1244 1001 1352 1056 tamen
1374 991 1441 1056 Ah·

323 1093 446 1176 rensio,
479 1093 533 1178 qui
563 1083 616 1168 (K.
639 1091 676 1159 Z.
698 1093 756 1156 ΙΠ.
780 1115 812 1180 p.
836 1098 869 1160 81
898 1097 976 1176 seq'.)
1004 1110 1038 1152 ot
1053 1111 1136 1154 esse
1166 1090 1381 1177 principalem
1402 1090 1441 1154 il·

322 1191 426 1257 lorum
439 1193 655 1256 thematorum
668 1191 926 1255 terminationem
940 1188 1113 1271 contendit,
1133 1189 1191 1253 sed
1204 1191 1310 1276 potius
1325 1189 1441 1255 Curtio

321 1295 492 1374 assentior,
513 1291 569 1377 qui
589 1289 863 1375 (Erlauterungen
885 1313 926 1352 zu
945 1289 1067 1352 meiner
1087 1287 1310 1374 griechischen
1327 1289 1441 1354 Schul—

286 1459 293 1471 1
322 1390 521 1476 grammatih
544 1413 573 1475 p.
590 1395 641 1466 49)
663 1413 702 1454 ea
719 1391 752 1452 in
776 1395 838 1451 oFt
866 1389 1027 1474 principio
1054 1387 1174 1451 exiisse
1203 1387 1320 1453 docuit.
1361 1392 1441 1475 Λη-

212 1567 214 1572 .
321 1486 439 1570 τοΐδης
468 1497 574 1552 autem
603 1509 661 1572 per
692 1487 852 1551 diaeresin
875 1481 1083 1551 scribendum
1105 1509 1177 1551 esse
1199 1510 1329 1570 censeo,
1352 1489 1440 1574 quod

210 1625 214 1632 ·
321 1597 353 1650 et
376 1584 553 1673 Λητοΐδου
576 1587 685 1660 (anth.
707 1609 785 1672 app.
808 1593 877 1666 213,
898 1592 928 1662 4)
952 1588 985 1649 in
1008 1589 1201 1672 pentametri
1222 1588 1285 1652 fine
1307 1586 1439 1673 legitur,

323 1697 354 1751 et
370 1687 493 1751 Statius
510 1685 624 1761 (Theb.
645 1693 669 1766 1,
684 1691 755 1767 663,
769 1691 841 1762 695)
858 1691 1020 1760 Latoidem,
1042 1709 1106 1750 non
1119 1691 1277 1748 Latoedem
1296 1688 1439 1774 scripsit.

403 1785 552 1849 Alterum
586 1786 855 1868 nrctronymicum
886 1794 935 1848 est
965 1787 1152 1850 Coroni-des
1182 1787 1202 1851 i.
1227 1809 1253 1851 e.
1281 1778 1437 1850 Aescula-

321 1889 404 1972 piua
427 1883 512 1970 quod
534 1883 652 1969 legitur
675 1882 737 1947 Ov.
760 1892 833 1947 met.
860 1890 905 1964 15,
928 1889 1003 1965 624;
1026 1885 1100 1948 fast.
1124 1885 1178 1965 VI,
1201 1883 1344 1965 74631b.
1367 1893 1437 1952 404.

320 1983 416 2064 Quod
439 1993 572 2069 propter
596 1997 607 2047 t
628 1981 826 2068 productum
848 1991 883 2046 ut
904 1981 1034 2046 videtur
1051 1982 1259 2076 Constantius
1274 1984 1436 2047 Fanensis

319 2083 419 2170 (apud
439 2083 661 2146 Burmannum
684 2081 726 2144 ad
749 2081 810 2146 Ov.
832 2081 880 2146 lb.
905 2086 977 2157 404)
999 2076 1213 2162 aKopmrsrig,
1237 2105 1332 2170 quem
1353 2082 1435 2146 Aes-

321 2183 441 2268 culapii
470 2205 567 2244 avum
595 2180 695 2244 fuisse
717 2179 867 2266 putabat,
900 2180 1042 2243 derivari
1066 2180 1175 2245 voluit.
1219 2181 1285 2246 Sed
1307 2205 1347 2246 ex
1371 2183 1434 2250 Ov.

318 2292 392 2346 met.
422 2288 455 2362 2,
479 2287 539 2345 542
570 2301 634 2366 seq.
664 2290 814 2364 apparet,
847 2281 1029 2344 Fanensem
1068 2279 1263 2346 Coronidem
1292 2281 1434 2347 Coronei

318 2381 428 2461 filiam,
451 2401 548 2466 quam
561 2377 755 2440 Minervam
778 2381 938 2442 cornicem
961 2381 1108 2461 mutavit,
1129 2379 1212 2444 falso
1233 2403 1292 2466 pro
1312 2380 1434 2446 Aescu·

318 2479 399 2564 lapii
421 2486 525 2540 matre
547 2477 715 2558 habuisse,
739 2499 823 2562 quae
843 2478 1010 2564 Phlegyae
1030 2477 1099 2542 filia
1120 2487 1191 2542 erat
1212 2478 1263 2554 (cs.
1285 2479 1381 2544 Paus.
1403 2487 1434 2564 2,

318 2584 419 2659 26,7).
451 2576 649 2640 Productum
668 2586 774 2640 autem
797 2593 806 2642 1
829 2579 861 2640 in
875 2576 1064 2642 Coroni-des
1087 2599 1168 2659 esse,
1192 2580 1433 2666 cujusprimiti-

319 2701 395 2740 vum
418 2674 595 2755 Κορωνῑζό)
617 2685 675 2757 est,
696 2675 785 2762 apud
801 2675 955 2740 Ovidium
976 2679 1034 2740 vix
1054 2679 1171 2740 mirum
1184 2687 1241 2757 est,
1263 2681 1318 2764 qui
1334 2681 1432 2744 etiam

319 2777 351 2838 in
375 2781 504 2853 Belides,
527 2781 719 2857 I'charpides³
741 2779 936 2856 Dryantem,
958 2780 1122 2856 Anryclidcs
1145 2777 1197 2851 (cf.
1220 2781 1250 2856 ξ.
1274 2782 1335 2856 33.)
1358 2801 1432 2844 con-

284 2878 286 2881 ’
316 2885 368 2937 tra
391 2880 539 2938 normam
563 2875 655 2937 metri
678 2875 785 2958 gratia
806 2874 904 2958 longa
926 2874 1124 2960 paenultima
1145 2897 1221 2938 usus
1244 2887 1301 2942 est.

399 2973 473 3036 Huc
486 2995 549 3037 non
566 2984 714 3058 specta-nt
735 2973 901 3058 gentilicia
918 2964 1123 3055 'Ayt-‹i-don
1146 2983 1177 3037 et
1199 2970 1432 3052 Βακχι-ά-ὄαι.

241 3129 244 3135 .
316 3074 400 3137 Nam
419 3075 453 3136 in
474 3073 648 3156 primitivis
668 3095 779 3136 eorum
797 3061 901 3154 Ἀγις
923 3082 954 3136 et
975 3066 1101 3150 Βάκχις
1120 3082 1155 3136 ut
1175 3073 1207 3135 in
1230 3075 1337 3141 multis
1357 3078 1431 3142 aliis

316 3195 345 3248 ις
378 3171 506 3258 syllaba
535 3171 744 3236 Doriensium
768 3174 911 3236 maxime
941 3173 1075 3258 proprio
1105 3193 1194 3235 more
1221 3197 1263 3244 ex
1285 3201 1339 3253 ιας
1360 3201 1430 3244 cor-

316 3274 440 3358 repta¹)
464 3280 520 3334 est.

386 3506 409 3570 1)
428 3502 483 3556 Cfr.
502 3501 618 3556 Lobeck
634 3504 712 3572 path.
730 3521 757 3572 p.
777 3509 826 3558 500
845 3521 901 3574 seq.
915 3535 948 3544 —-
960 3504 989 3559 C.
1009 3503 1082 3573 Keil,
1100 3521 1172 3574 spec.
1191 3519 1281 3557 onom.
1299 3520 1325 3571 p.
1344 3503 1383 3552 18.
1395 3528 1429 3536 -

314 3585 447 3640 Benseler
464 3586 493 3638 in
512 3586 593 3654 Papii
616 3586 666 3638 Iex.
692 3603 764 3640 nom.
788 3603 879 3656 propr.
896 3606 923 3656 p.
943 3587 1041 3642 XVIII
1057 3619 1092 3628 -—
1109 3587 1240 3653 Mullach‚
1260 3583 1380 3638 Gramm.
1400 3581 1426 3634 d.

194 3677 198 3686 '
314 3672 417 3740 griech.
435 3669 597 3740 Vulgttrspr.
616 3687 645 3739 p.
668 3674 723 3724 133.
746 3701 781 3710 -
804 3671 963 3725 Contractio
987 3693 1020 3724 υα
1042 3671 1166 3742 syllabae
1189 3672 1218 3722 in
1240 3687 1260 3720 a
1283 3673 1311 3720 et
1322 3669 1358 3736 ja
1378 3669 1426 3730 (ea,

315 3777 355 3821 ιο,
379 3755 420 3821 ia)
447 3754 477 3806 in
503 3775 524 3819 r,
554 3770 637 3823 quam
666 3754 750 3807 indici
777 3756 949 3823 grammatici
975 3773 1218 3825 compro-soranam
1245 3750 1421 3822 appellarunt

314 3838 434 3890 omnium
459 3836 516 3890 fere
538 3837 695 3907 linguarum
719 3837 1003 3908 indegermanicarum
1030 3839 1142 3908 propria
1165 3843 1214 3890 est.
1253 3834 1382 3908 Elatiae
1400 3837 1428 3884 et

314 3937 416 3990 graeca
438 3921 596 3990 posterioris
622 3924 721 3974 aetatis
745 3921 842 3992 lingua
868 3923 993 3992 exempla
1016 3923 1127 3992 collegIt
1151 3919 1317 3974 Bitschelius
1341 3918 1370 3968 in
1394 3931 1427 3969 eo

313 4020 404 4072 opere,
423 4004 497 4073 quod
514 4004 676 4073 inscriptum
695 4009 748 4056 est:
767 4007 800 4058 dc
812 4005 995 4060 rusticatione
1007 4009 1127 4076 prodam
1140 4005 1230 4056 latinu
1242 4002 1428 4055 reconditiora

313 4088 437 4158 qaeestio
456 4088 646 4158 epigraphica.
668 4115 701 4126 -
1082 4085 1085 4092 '
