3034 4964
526 432 727 530 μζ..

75 623 142 685 80οε
164 607 236 680 ἀλλ’
262 602 300 690 ὃς
322 607 433 689 tollor,
458 601 496 688 ὃς
510 609 555 696 μὴ
574 601 749 674 πλεόνεσσι
769 606 995 690 μέλοι,,εἰοΚ
1012 616 1099 673 recte
1120 629 1177 671 ex·

36 737 40 752 ·
74 715 163 799 hibet,
184 715 284 801 vulgo
307 705 385 776 ἀλλ’
410 707 455 788 ὡς
476 701 526 790 (ὃς
547 713 644 778 etiam
666 709 721 794 el,
744 696 772 794 ᾦ
793 731 843 795 og
859 727 938 772 ωσει
951 706 993 778 Α)
1015 700 1119 770 λώϊον
1140 727 1179 770 ov

75 816 111 892 (Ο
132 808 160 892 ὅ,
185 838 247 880 om.
269 811 321 890 Α).
344 818 404 880 909
428 807 455 877 ὅ.

147 915 179 994 b)
211 915 395 979 Pronomen
428 913 535 987 κεῖνος
569 933 671 998 aeque
704 918 801 995 atque
835 907 991 972 adverbia
1023 906 1075 968 κεῖ
1108 915 1179 988 ete,

74 1022 182 1099 poetae
216 1013 353 1099 elegiaci
380 1012 566 1098 promiscue
597 1018 757 1097 usurpant
793 1031 865 1072 cum
896 1007 1008 1072 formis
1043 1001 1177 1080 ἐκεῖνος,

74 1109 135 1176 ἐκεῖ
155 1122 214 1179 etc.
257 1133 339 1198 quae
361 1133 377 1174 ε
399 1110 521 1192 vocali,
551 1132 634 1198 quae
661 1109 704 1174 ad
726 1110 861 1195 stirpem
883 1105 1045 1191 quandam
1067 1128 1088 1169 a
1109 1127 1180 1192 per·

74 1212 168 1278 tinere
189 1211 336 1294 videtur,
364 1218 480 1276 auctae
502 1210 620 1287 sunt.³)
664 1207 859 1296 Quanquam
880 1206 1181 1297 breviorespprae-

73 1313 159 1378 eunte
180 1313 327 1377 Homero
352 1311 483 1398 saepius
512 1308 676 1374 adhibent.
719 1307 792 1373 Hae
822 1305 987 1392 leguntur:
1018 1303 1116 1369 Arch.
1139 1303 1179 1368 el.

74 1419 142 1488 1,4;
171 1408 233 1496 γὰρ
257 1410 369 1473 κεῖνοι.
395 1415 441 1492 ta,
467 1415 497 1475 1:
521 1400 550 1471 εί
571 1401 690 1473 κείνου.
731 1405 842 1471 Mimn.
864 1411 894 1489 9,
918 1411 936 1470 5
960 1405 1074 1467 κεῖθεν
1095 1405 1129 1468 in
1155 1411 1180 1469 1.

73 1509 158 1594 pede.
176 1515 223 1593 14,
250 1519 281 1576 1:
305 1505 345 1593 δὴ
369 1502 488 1574 κείνου.
515 1515 561 1590 14,
581 1513 616 1572 9:
638 1528 688 1582 τις
710 1500 828 1572 κείνου.
845 1505 989 1591 Theogn.
1005 1510 1058 1571 472
1082 1497 1181 1589 δηρὸν

72 1612 177 1694 κείνην.
202 1614 263 1676 223
278 1610 380 1674 initio.
406 1611 481 1675 308:
504 1600 686 1688 ἐλπόμενοι
708 1600 843 1681 κείνους.
866 1610 926 1671 479
942 1596 1053 1668 οὐκέτι
1075 1603 1183 1678 κεῖνος

72 1707 191 1786 (Athen.
215 1720 246 1774 et
269 1707 359 1774 Stob.
389 1700 449 1772 oria
471 1689 513 1770 ἔτ’
538 1702 673 1784 ἐκεῖνος)
701 1713 778 1772 711ε
811 1701 866 1769 καί
890 1705 1006 1771 κεῖθεν
1026 1703 1180 1785 (Bekker,

72 1799 227 1870 κάκεῖθεν
246 1807 336 1888 libri)
360 1813 550 1878 10421090.
582 1806 726 1891 Longior
748 1805 854 1870 forma
876 1813 997 1870 exstat:
1019 1803 1118 1869 Arch.
1142 1802 1181 1868 el.
1254 1857 1257 1864 .
1372 1829 1375 1836 ·

72 1914 97 1990 0,
110 1913 141 1973 3:
158 1899 261 1983 ἀσπίς
275 1899 391 1990 ἐκείνη.
409 1907 621 1992 Theogn.7ar
639 1894 738 1991 ἢλθεν
754 1898 895 1970 ἐκείνων,
922 1910 1010 1986 1205,
1024 1927 1044 1968 a
1056 1902 1182 1970 Doride

72 2017 102 2070 ut
127 2007 257 2073 videtur
285 2005 401 2072 aliena.
443 2006 473 2070 E
501 2005 663 2070 contrario
695 2004 895 2092 pronominis
923 2005 1018 2089 τῆνος
1039 2003 1182 2067 Doricae

73 2105 206 2172 dialecto
234 2106 377 2172 maxime
411 2105 538 2193 proprii
572 2103 694 2170 nullum
723 2105 898 2188 vestigium
926 2101 1014 2190 apud
1042 2101 1182 2167 Doricos

72 2215 178 2291 poetas
201 2206 409 2292 conspicitur.

128 2304 256 2371 Eodem
291 2304 388 2370 modo
414 2304 670 2392 iambographos
697 2313 834 2390 utraque
867 2302 974 2366 forma
1005 2321 1082 2364 usos
1112 2321 1183 2363 esse

73 2413 203 2471 testatur
231 2405 340 2472 Oram.
365 2403 428 2470 An.
452 2403 515 2468 Ox.
537 2405 554 2468 I
582 2397 737 2490 (Ομήροο
765 2393 989 2484 ἑπιμεριομοι)
1020 2403 1080 2467 149
1087 2449 1096 2481 ,
1129 2404 1184 2464 27:

73 2500 158 2582 παρὰ
185 2500 225 2568 τὸ
253 2497 379 2586 ἐκεῖθι,
411 2504 505 2566 κεῖθι
532 2499 589 2566 καί
623 2504 675 2567 κεῖ
700 2494 995 2587 παρὰ“Ἀρχιλόχῳ
1028 2499 1077 2576 (fr.
1106 2503 1184 2574 111).

74 2603 200 2690 Optime
229 2612 338 2668 tamen
366 2602 667 2681 Schneidewinus⁴)
698 2601 863 2668 contendit
889 2598 1123 2666 Archilochum
1151 2599 1184 2661 in

73 2704 185 2768 iambis
215 2711 248 2767 et
273 2704 435 2768 trochaeis
462 2703 581 2791 ubique
608 2702 792 2768 breviorem
820 2702 958 2768 formam
985 2697 1182 2764 adhibuisse.

73 2801 111 2865 Et
140 2803 214 2887 quis
240 2803 374 2889 negabit
402 2825 444 2868 ex
473 2802 626 2888 analogia
653 2800 753 2868 Aroh.
783 2809 856 2867 tetr.
885 2807 939 2866 51:
975 2799 1057 2861 σῦκα
1093 2797 1184 2860 κεῖνα

74 2911 102 2965 et
125 2908 182 2970 132
204 2903 267 2966 ino.
299 2897 337 2988 δὴ
354 2903 441 2966 κεῖθι
467 2912 499 2968 ct
518 2901 595 2967 sim.
617 2907 646 2983 7,
668 2907 717 2967 51.
741 2905 781 2970 84
802 2899 859 2964 nbi
889 2889 978 2984 κείνῃ
1005 2897 1058 2963 vel
1086 2918 1185 2962 versu

77 3001 204 3067 ineunte
227 3001 361 3088 legitur,
384 3001 597 3090 probabiliter
620 3002 741 3086 corrigi
765 3021 862 3088 posse
885 3021 935 3084 ep.
958 3001 1023 3063 87*
1048 3004 1080 3062 1:
1113 2988 1182 3058 ἔστ’
1250 3012 1254 3022 ·

75 3094 195 3178 ἐκεῖνος
201 3147 210 3178 ,
245 3103 437 3188 praesertim
467 3123 540 3166 cum
561 3098 684 3166 Eusebi
707 3099 777 3166 cod.
800 3099 892 3164 Scor.
915 3090 1004 3160 ἔστιν
1025 3094 1185 3170 exhibeat,

76 3207 105 3262 et
128 3205 187 3266 92:
218 3192 253 3263 d'
283 3195 407 3277 ἐκεῖνος
434 3206 467 3276 (a
493 3200 602 3268 multis
629 3199 806 3276 traditum).
854 3199 993 3262 Formae
1022 3195 1184 3279 longiores

76 3299 170 3383 igitur
202 3322 274 3364 cum
303 3289 533 3365 commemorat
566 3301 814 3386 grammaticus,
849 3297 969 3382 elegias
999 3293 1186 3380 respexisse

75 3397 216 3482 videtum
246 3408 374 3486 poterat
395 3408 505 3464 tamen
527 3401 623 3464 etiam
646 3397 785 3479 iambos,
818 3396 912 3463 modo
934 3397 1052 3462 vitioso
1074 3393 1185 3460 codice

76 3518 148 3562 usus
172 3499 224 3581 sit,
245 3498 332 3586 quod
352 3501 423 3564 veri
442 3521 508 3564 non
530 3497 686 3564 dissimile
708 3505 765 3564 est.
803 3498 887 3562 Nam
909 3495 1085 3562 secundum
1106 3493 1185 3559 Ora·

81 3669 273 3680 ψ...-

77 3762 198 3836 htufiger
220 3765 267 3820 bei
289 3765 344 3820 den
361 3767 598 3836 Alexandrinam,
627 3767 756 3840 dagegen
785 3765 847 3822 dem
864 3764 1007 3836 Theognis
1028 3762 1086 3816 und
1108 3762 1187 3816 iiber-

77 3846 161 3920 haupt
186 3850 237 3905 der
260 3849 349 3904 tiltern
376 3850 522 3906 einfachen
545 3851 643 3906 Poerie
664 3851 780 3908 fremd.“
823 3851 950 3908 Ceterum
977 3848 1040 3902 vide
1054 3845 1188 3901 ciusdem

78 3937 168 3987 annot.
185 3933 221 3987 ad
237 3933 337 4003 locum,
356 3935 404 4005 qui
422 3935 553 4006 sequitur.

125 4017 150 4082 3)
169 4013 291 4072 Grunda.
309 4021 367 4072 410.

126 4101 153 4167 4)
170 4099 325 4173 Beitraege‚
343 4120 371 4173 p.
391 4106 431 4158 98.
