3056 4968
594 445 651 510 175

517 531 623 540 ρ-..Α
638 529 721 537 ..—

75 632 103 687 et
130 647 241 689 rursus
268 626 301 689 in
323 625 448 712 Vergili
478 624 608 712 optimis
631 623 722 689 codd.
744 625 881 690 formam
910 629 1075 704 sutreymen
1098 623 1175 687 seri·

74 731 159 808 ptam
181 725 371 792 invenimus.
413 718 509 790 Hanc'
535 745 650 788 vocem
677 745 748 788 cum
779 724 972 788 subtexendi
1001 721 1101 788 verbo
1124 744 1174 786 co-

73 820 201 887 haerere
220 833 368 910 apertum
391 834 454 907 est,
478 823 643 888 derivetur
665 845 707 887 ex
729 821 842 886 eudem
863 821 974 886 radice
997 825 1055 904 tait,
1078 842 1175 908 quum

72 918 174 985 littera
195 945 209 982 s
234 931 361 987 auctam
389 924 422 986 in
450 921 519 987 Ser.
543 926 626 984 taket
654 931 685 985 st
713 921 830 986 Latino
859 933 929 983 temo
957 922 1176 1006 eognovimus,

74 1019 181 1096 sedin
203 1020 264 1086 hoc
282 1043 417 1086 numero
440 1021 641 1102 enumeravi,
670 1019 757 1107 quod
778 1019 885 1085 media
906 1021 990 1084 inter
1018 1041 1073 1084 eas
1095 1011 1176 1106 quas

73 1116 160 1181 attuli
182 1140 296 1202 voces,
325 1125 448 1184 teuimen
480 1119 552 1184 dico
574 1129 605 1183 et
628 1131 735 1201 umen,
765 1119 869 1184 forma
890 1125 1025 1200 (tegmen)
1049 1139 1176 1204 semper

73 1215 102 1278 in
122 1239 184 1282 usu
206 1217 276 1286 fuit.

121 1321 250 1398 flamen,
283 1316 461 1382 sacerdotis
490 1337 623 1398 nomen,
654 1317 745 1381 cuius
772 1317 931 1401 originem
959 1318 994 1380 in
1014 1313 1177 1402 flagrandi

73 1413 167 1481 verbo
190 1413 299 1498 (φλεγ)
326 1415 367 1482 G.
390 1415 521 1481 Curtius
549 1415 673 1501 primus
699 1417 824 1479 invenit
851 1413 904 1492 (de
930 1417 1094 1480 nominum
1116 1414 1174 1480 Gr.

71 1512 155 1579 form.
177 1537 210 1602 p.
227 1521 277 1593 42)
299 1515 354 1602 qui
375 1513 500 1578 adiicit:
522 1512 604 1578 bene
625 1515 711 1578 enim
733 1513 885 1578 sacerdos
909 1513 951 1577 ab
973 1513 1174 1578 incendendo

13 1677 14 1692 ,
71 1611 140 1696 igne
161 1615 354 1680 nominatur.
399 1613 495 1678 Nullo
526 1622 633 1678 autem
660 1613 755 1678 modo
776 1612 812 1677 L.
836 1611 999 1698 Meyero
1027 1619 1174 1698 (gramm.

13 1775 15 1798 τ
73 1731 209 1798 compar.
231 1712 274 1794 II,
297 1719 368 1790 275)
391 1713 617 1793 assentiemur,
649 1735 721 1776 eum
743 1721 863 1776 temere
886 1711 1009 1776 iudicat
1030 1721 1175 1776 exortum

71 1829 136 1874 esse
155 1810 238 1875 illud
255 1811 392 1876 verbum
414 1834 453 1877 ex
473 1811 601 1876 Sanscr.
625 1815 776 1875 brunnon.
809 1809 919 1873 Etiam
939 1813 972 1874 in
995 1810 1105 1874 verbis
1122 1810 1175 1874 de·

71 1907 194 1992 rivatis,
211 1917 246 1973 ut
254 1914 409 1991 flamonio,
429 1909 568 1974 flaminis
586 1931 711 1990 munus,
734 1918 766 1972 et
781 1913 948 1971 Flaminius
968 1932 989 1989 9
1008 1910 1175 1976 omittitur.

129 2006 195 2072 Sed
218 2007 304 2072 idem
325 2010 359 2072 in
381 2006 463 2071 alias
485 2029 581 2072 voees
604 2007 700 2089 cadit,
722 2016 757 2071 ut
777 2009 811 2070 in
833 2007 892 2072 has
916 2015 1084 2093 quattuor:
1107 2030 1177 2070 con-

73 2111 230 2189 taminare,
245 2115 442 2188 frumentum,
465 2109 635 2187 iumentum,
658 2109 788 2188 umidus,
809 2106 843 2170 id
863 2106 951 2193 ¹quod
973 2128 1032 2193 per
1053 2118 1176 2172 rectam

71 2206 315 2290 originationem
341 2205 521 2268 certissime
554 2205 729 2284 evincitur3
760 2207 886 2284 qenim
915 2214 970 2269 aut
997 2207 1032 2269 in
1063 2207 1176 2270 formis

72 2307 214 2389 cognatis
237 2312 377 2391 apparet
401 2313 456 2368 aut
480 2304 642 2368 invenitur
669 2304 702 2366 in
726 2301 908 2385 radicibus,
942 2325 962 2367 a
985 2303 1101 2391 quibus
1124 2304 1176 2370 de-

70 2401 231 2468 fluxerunt
251 2401 420 2467 vocabula.

127 2500 158 2566 A
178 2500 250 2566 rad.
274 2504 323 2580 trip
344 2505 489 2580 (tangere)
512 2500 667 2585 originem
685 2499 848 2564 duxerunt
862 2501 1109 2582 *cnstaynrinare
1127 2502 1178 2567 vel

71 2598 339 2682 *contegminutim
369 2598 453 2663 unde
481 2607 595 2685 postea
624 2608 701 2663 nata
728 2609 802 2664 sunt
824 2605 1026 2663 contaminare
1055 2611 1087 2666 et
1109 2625 1175 2666 con·

71 2703 229 2762 taminatio.
272 2696 394 2762 Contra
415 2697 517 2762 verba
540 2710 680 2779 conteges
686 2747 695 2780 ,
720 2702 900 2782 contagium,
925 2705 1069 2783 contagio,
1093 2725 1175 2789 quae

71 2817 108 2860 ex
134 2797 248 2862 eadem
280 2796 391 2861 radice
418 2795 618 2860 descendunt
652 2797 847 2882 gutturalem
879 2807 1059 2864 tenuerunt.
1110 2800 1175 2865 Sed

70 2917 261 2981 quamquam
289 2897 323 2960 in
352 2895 402 2959 his
430 2917 556 2982 quoque
583 2895 705 2960 vocalis
734 2917 754 2957 a
775 2896 982 2982 producitur,
1017 2901 1175 2963 rationem

70 2992 178 3060 horum
206 2994 437 3060 vocabulorum
470 2993 568 3058 eliam
596 3015 682 3074 esse,
714 3015 811 3080 quam
840 2996 1059 3060 antecedentis
1085 3001 1175 3062 vocis

70 3096 291 3170 (contaminare)
320 3103 434 3180 sponte
456 3091 568 3158 elucet.
611 3092 759 3178 Augetur
782 3094 866 3157 enim
887 3104 922 3158 ut
943 3095 977 3158 in
999 3098 1085 3178 ligio,
1109 3120 1175 3158 con·

69 3196 145 3254 arca
166 3193 330 3278 quantitas
351 3191 474 3257 vocalis
503 3193 536 3255 in
563 3184 673 3256 verbis
696 3205 834 3272 contoque
853 3191 908 3275 al.,
941 3193 984 3258 ad
1013 3194 1175 3260 sublatam

69 3293 259 3375 positionem
283 3291 556 3378 compensandam
579 3287 770 3377 producitur
790 3291 824 3354 in
846 3297 1054 3359 contaminare.

125 3389 251 3456 Eodem
270 3390 367 3456 modo
388 3393 422 3457 in
444 3391 572 3455 nomine
586 3398 773 3468 frumentum
798 3391 989 3478 productam
1016 3391 1105 3457 illam
1127 3393 1176 3458 lit-

70 3495 169 3553 teram
192 3513 211 3550 u
234 3498 339 3554 ortam
362 3511 434 3555 esse
454 3487 686 3573 intellegimue;
714 3499 792 3576 puto
822 3492 907 3554 enim
936 3491 1083 3556 adhibita
1104 3515 1174 3556 ver·

71 3583 181 3651 borum
212 3589 245 3651 in
273 3587 346 3653 aliis
373 3588 492 3674 linguis
526 3589 785 3673 comparatione,
823 3583 904 3656 Ser(
922 3585 1015 3672 btuy',
1045 3589 1173 3656 Gothic.

68 3686 204 3765 brukjan,
223 3686 257 3750 in
278 3695 391 3751 nostre
412 3685 524 3772 lingna
545 3689 703 3768 braucten,
726 3691 849 3777 quippe
871 3713 954 3778 quae
977 3692 1085 3756 omnia
1104 3701 1173 3776 gut-

67 3783 200 3849 turalem
221 3785 377 3869 habeant,
401 3807 471 3850 eam
494 3807 591 3872 quum
616 3787 825 3874 participium
841 3799 964 3868 fructus
987 3788 1122 3875 praebet
1143 3799 1174 3853 et

62 3887 169 3962 fruges
189 3883 334 3948 radicem
362 3883 584 3971 accipiendam
607 3907 677 3948 esse
691 3894 788 3970 frug,
818 3889 903 3952 unde
924 3887 1030 3952 extitit
1050 3888 1172 3967 *fruqi-

68 3993 188 4042 mentum
207 3993 243 4047 ut
263 3990 458 4065 tegimentum,
486 3986 614 4064 reytmen
642 3984 681 4050 al.
711 3985 827 4050 deinde
850 3985 1088 4068 *fruymcntum
1120 3987 1173 4050 de-

69 4077 161 4164 nique
180 4081 336 4165 guttureli
356 4080 466 4146 littera
487 4083 607 4146 amissa
620 4089 816 4160 framentum.
