3070 4962
95 617 196 720 ltaque
215 633 317 698 Ionici
339 642 456 722 politae
479 632 634 715 Callinus,
656 631 877 716 Mimnermus,
899 629 1104 720 Phocylides,
1128 631 1198 696 Xe-

93 732 246 820 nophanes
268 734 433 798 severiore
454 733 536 810 (sive
552 734 745 811 recentiore)
763 733 906 798 Ionismo
925 753 1023 820 quam
1035 731 1197 796 Homerus

92 831 134 896 usi
165 841 251 906 sunt}
285 831 431 898 similiter
453 831 560 916 Solon,
594 833 650 918 qui
680 833 807 898 Ionicos
840 841 955 920 poetas
978 839 1106 898 secutus
1137 841 1196 912 est,
1303 886 1306 892 .

92 929 250 996 Atticismo
270 930 399 998 illorum
421 931 595 997 dialectum
618 933 828 1019 temperavit;
861 955 925 1020 qna
945 933 981 997 iu
1002 954 1037 996 re
1057 953 1122 996 non
1143 953 1196 995 ne·

92 1028 272 1116 glegendum
306 1040 354 1094 est
386 1032 452 1096 iam
485 1030 527 1098 ab
558 1032 683 1118 origine
715 1033 799 1096 inter
820 1030 989 1096 Atthidem
1025 1039 1056 1096 et
1084 1029 1196 1095 ladem

92 1151 235 1194 summam
277 1131 500 1196 intercessisse
541 1130 793 1196 similitudinem.
854 1127 928 1195 Hoc
964 1132 1029 1194 iam
1070 1137 1196 1193 veteres

91 1217 261 1315 scriptores
286 1229 454 1312 viderunt,
488 1231 527 1295 cl.
561 1229 731 1296 Strabonis
763 1229 852 1296 VIII.
885 1253 916 1316 p.
953 1235 1028 1296 333:
1070 1220 1196 1290 τούτων

91 1318 216 1390 δἀὐτῶν
240 1321 404 1410 τεττάρων
432 1320 538 1392 οὐσῶν
558 1325 618 1415 τὴν
643 1325 704 1410 μὲν
721 1320 818 1392 ’loide
839 1329 878 1416 τῇ
901 1329 1030 1413 παλαιᾷ
1048 1318 1196 1390 Ἀτθίδι

91 1421 137 1512 τὴν
155 1417 254 1512 αὐτὴν
273 1423 385 1514 φαμὲν
409 1423 478 1508 (καὶ
500 1423 561 1511 γὰρ
572 1419 686 1504 Ἴωνες
703 1423 881 1492 ἐκαλοῦντο
898 1421 929 1492 ci
951 1421 1026 1490 τότε
1039 1417 1197 1489 Ἀττικοὶ

91 1521 137 1587 καὶ
161 1520 293 1590 ἐκεῖθέν
323 1518 406 1590 εἰσιν
436 1520 468 1590 oi
495 1523 553 1615 τὴν
573 1519 700 1592 Ἀσίαν
731 1519 967 1614 ἐποικὴσαντες
988 1517 1107 1602 Ἴωνες
1140 1520 1197 1589 καὶ

91 1618 275 1707 χρησάμενοι
295 1628 335 1714 τῇ
355 1627 411 1689 νῦν
434 1621 592 1713 λεγομένῃ
614 1621 740 1714 γλώττῃ
759 1619 871 1710 Ἰάδι),
904 1626 1021 1692 Galeni
1042 1625 1133 1692 Tom.
1155 1625 1196 1708 V,

91 1745 115 1808 p.
134 1729 205 1808 525,
237 1727 316 1814 quin
345 1727 441 1792 etiam
470 1728 651 1793 Homerum
678 1729 785 1816 ipsum
812 1728 944 1792 natione
970 1727 1070 1812 fuisse
1096 1723 1195 1790 Athe-

90 1823 220 1888 niensem
242 1823 456 1892 Aristarchus
484 1828 632 1906 statuit³).
677 1827 821 1915 Tyrtaeo
849 1849 926 1892 vero
948 1836 980 1890 et
1001 1823 1195 1911 Theognidi,

91 1943 263 2010 quanquam
291 1947 326 1989 se
351 1947 416 1990 non
439 1947 574 2012 prorsus
596 1925 821 1992 abstinuerunt
843 1949 863 1990 a
886 1925 999 1992 formis
1024 1945 1107 2012 quae
1126 1923 1194 1988 Do·

90 2021 165 2085 ricae
186 2021 325 2088 dialecto
348 2025 503 2110 propriae
526 2035 631 2102 erant,
660 2033 769 2090 tamen
797 2047 869 2089 oum
891 2023 972 2089 haec
994 2023 1129 2088 nimium
1151 2021 1193 2087 ah

90 2119 171 2206 epica
197 2131 229 2185 et
256 2121 402 2207 elegiace
431 2120 649 2211 discreparet,
681 2123 785 2190 elucet
817 2125 1003 2189 cautissime
1032 2120 1193 2208 agendum

90 2219 185 2284 fuisse.
229 2219 327 2301 Quod
348 2223 380 2286 in
404 2222 591 2289 embateriis
604 2223 768 2312 Tyrtaeus
790 2245 883 2311 puro,
906 2233 942 2288 ut
963 2220 1103 2300 videtur,
1121 2221 1193 2287 Do·

90 2318 176 2385 ritmo
196 2321 307 2403 utitur,
329 2324 363 2386 in
383 2323 457 2409 ipsa
478 2321 608 2390 illorum
630 2325 809 2390 carminum
830 2331 949 2386 natura
973 2322 1113 2408 positum
1135 2329 1193 2404 est,

91 2439 161 2504 quae
181 2419 222 2485 ab
250 2419 511 2488 adolescentibus
534 2423 801 2489 Lacedaemoniis
825 2429 1018 2488 canerentur
1040 2427 1137 2505 atque
1160 2420 1194 2486 in

93 2525 168 2584 terra
188 2520 351 2586 Laconica
370 2523 514 2588 maxime
535 2523 771 2588 excolerentur.

161 2618 252 2699 Quae
281 2620 322 2686 de
350 2619 503 2707 elegiacis
524 2622 643 2688 Ionicis
673 2623 875 2710 potissimum
898 2621 1057 2703 diximus,
1092 2619 1194 2686 multo

91 2719 180 2800 magis
202 2717 312 2784 valent
338 2721 372 2785 in
401 2721 495 2808 poe'si
522 2720 678 2804 iambica,
711 2745 795 2810 quae
816 2743 921 2810 neque
942 2743 1014 2785 cum
1035 2719 1195 2806 originem

92 2835 180 2904 neque
202 2840 275 2882 cum
295 2829 488 2906 argumenta
508 2830 650 2886 tractata
669 2832 808 2908 spectas,
830 2843 1000 2886 commune
1018 2818 1194 2908 quidquam

92 2912 176 2980 hahet
191 2939 263 2982 oum
281 2917 386 3004 epica.
419 2917 523 2984 lambi
546 2921 631 2984 enim
648 2919 806 3007 peculiari
826 2918 922 2986 modo
944 2929 1073 3006 praeter
1094 2918 1194 2984 hexa-

92 3023 196 3081 metros
217 3026 353 3103 agente
380 3018 508 3101 Ionica,·
534 3027 570 3084 ut
589 3020 637 3084 ita
658 3018 781 3103 dicam,
811 3019 974 3106 procreati
1003 3027 1078 3083 sunt
1100 3025 1132 3082 et
1151 3016 1194 3082 ab

92 3110 273 3182 Archilocho
295 3125 331 3180 ut
351 3115 488 3189 ¹videtur
516 3119 622 3205 primo
646 3118 689 3184 ad
711 3129 814 3184 artem
835 3117 968 3184 redacti.
1010 3117 1193 3203 Praecipue

93 3213 130 3276 eis
155 3216 252 3280 utitur
280 3223 394 3302 potita,
424 3220 652 3284 convenienter
682 3241 791 3285 eorum
814 3218 947 3303 origini,
981 3214 1023 3280 ad
1052 3215 1133 3280 vitia
1163 3223 1195 3280 et

93 3323 213 3395 peccata
233 3314 398 3380 hominum
421 3337 459 3380 ac
481 3339 692 3406 quaecunque
721 3317 784 3384 sibi
810 3315 983 3404 displicent
1005 3313 1082 3381 salis
1105 3336 1194 3380 acer·

93 3407 179 3478 bitate
200 3412 386 3480 cavillando
408 3422 439 3478 et
467 3414 647 3482 deridenda
667 3416 720 3482 vel
742 3418 872 3482 omnino
894 3415 1050 3482 iudicio
1073 3415 1194 3482 exami-

93 3511 193 3580 nande.
237 3511 343 3593 Quam
361 3513 459 3600 longe
487 3514 529 3581 ab
557 3515 607 3580 his
640 3515 738 3582 rebus
770 3515 856 3582 absit
883 3517 1028 3602 gravitas
1049 3513 1106 3580 illa
1125 3513 1194 3580 Ho-

93 3611 206 3685 merica,
243 3614 450 3679 manifestum
480 3625 538 3680 est.
585 3615 719 3680 Minime
732 3617 833 3702 igitur
850 3613 1096 3703 iamhographis
1117 3613 1195 3679 lice·

94 3703 142 3772 bat
156 3710 272 3778 fusiore
293 3711 350 3778 illo
371 3735 490 3800 genere
512 3715 643 3780 dicendi
664 3716 720 3798 uti,
743 3713 829 3803 quod
851 3737 892 3780 ne
915 3714 1051 3802 elegiaci
1064 3708 1193 3802 quidem

94 3825 212 3890 prorsus
234 3809 461 3896 deseruerunt,
488 3836 549 3880 nee
575 3814 688 3902 lingua
718 3837 759 3880 ex
785 3813 939 3880 obsoletis
966 3823 998 3878 et
1027 3815 1193 3879 variarum

96 3901 288 3978 dialectorum
309 3913 424 3979 formis
445 3916 639 4002 composita,
661 3914 767 4004 qualis
788 3935 955 4002 nunquam
976 3915 1010 3978 in
1031 3914 1120 3980 vitae
1141 3937 1193 3981 co·

101 4058 290 4078 §Q—

169 4161 193 4226 3)
208 4159 244 4216 Μ.
265 4162 455 4234 Seugebuschi
472 4162 629 4218 dissertatio
648 4162 797 4219 Homerica
813 4163 901 4234 prior,
924 4181 951 4234 p.
970 4165 1011 4216 31.
