3088 4966
383 662 463 750 Hip.
487 665 583 728 1126:
606 647 644 722 ui
655 651 820 746 ψάμαθοι
841 647 1134 744 nottr'etoog’
1115 656 1227 730 ακτᾶς.

408 752 738 834 notificantur:
754 749 872 874 οἴμοι,
890 752 1054 830 amacio·
1070 750 1201 818 πολλὸν
1216 745 1415 832 ἐχθίων’
1393 770 1456 838 cop.

382 858 437 924 Tr.
463 861 558 924 1196.
585 853 747 943 πολλὴν
768 852 829 936 μὲν
850 850 931 942 ὕλην
951 859 1010 942 τῆς
1030 849 1235 937 βαθυρρίζοο
1258 848 1361 936 δρυὸς

381 977 546 1040 κειραιπα,
563 947 804 1020 πολλὸν(1”’
781 975 879 1038 αρσει
885 945 1084 1037 ’ἒκτεμόνθ
1103 943 1319 1034 ὄμοῦῙῖίγριον
1332 945 1457 1025 iimcc,

345 1078 382 1120 eo
405 1055 532 1120 facilius
563 1056 597 1120 in
618 1053 985 1141 tragoediam-Atticam
1013 1053 1204 1118 translatum
1235 1060 1287 1114 est
1310 1073 1377 1137 qno
1400 1049 1458 1112 nsi·

341 1155 476 1219 tutiores
507 1153 597 1242 apud
617 1151 832 1218 Athenienses
864 1156 964 1220 ceteri
998 1164 1089 1219 erunt
1120 1171 1215 1216 casus
1254 1149 1388 1214 abhoc
1409 1171 1460 1212 no·

319 1251 495 1319 'minativo
517 1253 670 1319 derivati:
693 1251 833 1337 πολλοῦ,
855 1251 984 1338 πολλῷ,
1006 1244 1139 1317 πολλοί.

420 1347 576 1434 μέσσος
587 1356 643 1432 ¹⁴⁰)
660 1354 779 1440 legitur
800 1355 883 1418 etin
906 1355 1056 1418 canticis:
1078 1349 1252 1417 OO.1247.
1270 1347 1329 1413 Tr.
1342 1352 1417 1416 635.
1435 1355 1463 1410 et

339 1454 373 1516 in
394 1454 579 1518 nuntiorum
600 1451 856 1518 narrationibus.

380 1549 454 1616 Ant
475 1557 566 1620 1223:
587 1543 723 1614 τόνὸΗ
704 1572 791 1636 αμφι
783 1545 940 1638 μέσσῃ
963 1551 1124 1636 περιπετῆ
1147 1538 1403 1630 apostatricem

400 1649 480 1716 ibid.
519 1657 611 1719 1236:
635 1642 744 1735 i'pstoe
766 1648 926 1734 πλευραῖς
946 1646 1109 1732 μέσσον
1129 1641 1231 1730 εγχος.

421 1750 503 1835 frag.
531 1753 603 1816 239:
639 1739 694 1814 εἶτ’
726 1739 813 1836 ἦμαρ
853 1743 945 1828 αι’ξει
973 1745 1125 1831 μέσσον
1162 1738 1318 1830 ὄμφακος
1339 1736 1463 1824 τύποις
1539 1759 1540 1824 )

341 1871 418 1912 nam
441 1848 481 1913 ds
502 1849 563 1914 hoc
585 1848 714 1937 quidem
742 1848 812 1914 loco
840 1851 900 1914 etsi
924 1859 1047 1914 certum
1079 1857 1111 1912 ct
1132 1843 1358 1910 indubitatum
1381 1840 1461 1906 indi·
1539 1827 1540 1876 ³

342 1949 429 2012 cium
448 1949 557 2014 facere
579 1969 643 2013 non
671 1947 761 2030 licet,
794 1947 875 2012 nihil
905 1957 1015 2014 tamen
1045 1945 1154 2013 obstat
1177 1941 1354 2031 quominus
1380 1940 1462 2006 hunc

343 2069 470 2135 quoque
490 2071 511 2113 a
532 2049 644 2114 nrmtio
667 2037 798 2112 dictum¹
811 2069 881 2112 esse
903 2049 1113 2134 suspicemur.

375 2181 377 2186 ·
423 2139 640 2222 roococ¹⁴¹)
663 2155 695 2212 ct
716 2140 838 2222 ὅσσος
857 2145 892 2210 in
914 2145 992 2210 solis
1013 2146 1164 2210 canticis:

403 2245 515 2330 'Pers
537 2251 614 2314 862:
647 2239 776 2320 ὅσσας
797 2237 831 2308 δ’
861 2231 927 2310 εἷλε
955 2239 1148 2323 πόλειςΜ)

424 2345 475 2410 Ai.
502 2351 575 2414 185:
604 2337 759 2408 τόσσον
780 2337 815 2406 ἒν
835 2335 996 2426 ποίμναις
1016 2337 1149 2412 πίτνων.

423 2443 481 2510 Ph
493 2450 569 2511 509:
592 2431 714 2506 sittim
695 2463 795 2506 οοσσ
810 2440 926 2528 μηδεὶς
937 2445 1003 2506 τῶν
1016 2437 1105 2524 ε’μων
1117 2439 1210 2524 τύχοι
1225 2442 1357 2534 φίλαις
1381 2448 1464 2538 qnod

342 2566 405 2630 quo
432 2545 504 2608 iure
530 2542 719 2608 Dindorfius
748 2543 929 2608 Porsonum
958 2552 1085 2608 secutus
1114 2551 1368 2614 commutaverit
1396 2571 1464 2614 cunr
1539 2573 1540 2584 ·

343 2642 535 2727 pronomine
557 2663 641 2719 oro,
670 2665 736 2707 non
757 2641 868 2724 video,
895 2643 923 2706 si
946 2641 1076 2729 quidem
1100 2667 1205 2730 neque
1227 2649 1463 2713 sententiarum
1539 2655 1540 2718 1

343 2763 503 2806 connexur
494 2739 624 2806 'obstat
634 2739 793 2806 librorum
807 2741 978 2828 scriptura,
992 2764 1096 2827 neque
1109 2767 1318 2812 numerorum
1329 2747 1462 2811 rationi·

343 2839 419 2913 bus;
449 2841 594 2905 trimeter
623 2842 708 2904 enim
740 2839 795 2904 illc
815 2839 973 2906 iambicus
996 2862 1069 2905 cum
1090 2863 1155 2906 non
1176 2845 1220 2908 sit
1239 2844 1387 2910 diverbii
1410 2843 1464 2908 sed
1539 2909 1540 2914 ,

343 2939 461 3003 cantici
484 2938 623 3022 chorici,
653 2963 694 3005 ne
716 2941 894 3033 severiores
922 2939 1052 3028 quidem
1073 2939 1244 3008 Atticistas
1267 2946 1340 3008 iure
1362 2945 1460 3008 offen·

344 3038 429 3104 derit
450 3063 515 3105 vox
534 3042 628 3128 epica
650 3051 682 3105 et
702 3040 816 3126 lyrica.
859 3039 908 3104 cf.
931 3039 1026 3104 Pind.
1046 3039 1142 3127 Pyrr.
1164 3042 1191 3126 1,
1214 3048 1267 3110 13:
1297 3037 1407 3106 ὅσσα
1429 3035 1463 3103 δὲ
1539 3095 1540 3122 γ

343 3135 388 3223 μὴ
412 3133 578 3225 πεφίληκε
600 3133 693 3216 Ζεύς.
730 3139 781 3206 Ol.
805 3140 861 3222 VI,
884 3145 937 3208 58:
957 3130 1087 3224 Ἀλφεῷ
1106 3134 1239 3226 μέσσῳ
1261 3134 1424 3222 καταβάς.
1539 3131 1540 3154 ’

427 3240 563 3314 κεῖνος
593 3249 625 3305 et
655 3234 780 3314 ἐκεῖνος
804 3237 892 3303 nullo
924 3237 1170 3322 significationis
1197 3240 1390 3306 discrimine
1418 3243 1461 3304 ita

344 3339 496 3422 usurpari
517 3347 561 3416 ut,
584 3339 647 3402 nisi
670 3347 727 3407 aut
746 3339 843 3402 metri
864 3335 1075 3404 commoditas
1091 3347 1148 3404 aut
1166 3359 1282 3404 versus
1298 3339 1461 3426 elegantis

345 3435 572 3502 commendare
591 3436 741 3501 videatur
763 3435 901 3502 sormam
924 3436 1108 3502 breviorem
1130 3459 1172 3502 ex
1195 3439 1289 3525 opica
1313 3441 1410 3525 poesi
1429 3439 1459 3502 in

247 3587 248 3592 1
345 3534 493 3600 omnibns
517 3537 694 3600 carminum
721 3535 895 3621 generibus
918 3545 1101 3623 receptam,
1136 3545 1251 3624 poetae
1272 3539 1460 3624 praeferant

398 3818 457 3884 140)
484 3823 615 3890 μέσσος
643 3817 813 3872 assibilando
839 3821 867 3871 et
901 3817 1077 3872 assimilando
1104 3816 1209 3872 factum
1234 3831 1328 3878 mace
1357 3818 1457 3888 niujan

345 3903 476 3969 apparet
479 3915 495 3953 e
511 3917 579 3955 voce
596 3900 644 3956 lat
661 3901 811 3970 madius,
828 3915 879 3954 scr.
898 3901 1060 3972 madhjns

398 3984 455 4050 111)
473 3981 715 4046 concarnatum
732 3989 775 4038 est
792 4001 808 4038 e
826 3983 928 4053 τοίιος,
944 3983 979 4039 cf.
998 3983 1046 4041 lat.
1064 3990 1133 4054 tot,
1151 3985 1221 4040 toti
1227 3985 1310 4040 -dem

398 4067 455 4132 142)
483 4065 538 4138 Ag.
560 4071 617 4124 149.
639 4085 690 4170 pro
709 4065 821 4122 τόσσων
844 4086 897 4138 περ
916 4063 1030 4138 εὔφρων
1047 4065 1237 4124 Dindorfius
1229 4067 1375 4166 rngeniose
1391 4083 1452 4122 con·
1539 4063 1540 4088 ¹

345 4146 782 4223 111116σσανπαρέυφρόναιε.
