3056 4968
608 462 663 526 1⁷1

535 543 743 556 ..ι-σι*-

90 660 168 726 quae
189 651 439 727 antecesserunt,
463 665 520 730 per
538 653 642 710 oertos
665 641 822 728 quosdam
843 639 1086 708 assimilationis
1101 640 1195 728 quasi

89 739 207 824 gradus
229 740 377 808 diversas
399 744 537 810 diversis
565 742 764 830 temporibus
787 742 946 806 oernimus
968 740 1104 816 formas,
1136 737 1194 802 sed

89 849 143 903 aut
164 841 272 906 statim
295 842 364 907 sola
388 843 548 910 voeabula
570 842 780 930 productione
810 839 1009 927 suppletoria
1030 839 1117 904 faeta
1140 845 1195 902 aut

89 947 216 1024 praeter
236 939 317 1006 haee
338 942 498 1012 voeabula
524 941 705 1008 invenimus
727 939 970 1024 antiquissimas
993 960 1089 1004 voees
1112 958 1194 1025 quae
1256 927 1261 948 ³

87 1037 278 1122 gutturalem
306 1039 412 1106 adhue
439 1041 608 1115 exhibent,
644 1062 706 1125 quo
733 1038 769 1104 fit
796 1049 831 1104 ut
851 1061 914 1126 qua
934 1039 1058 1106 ratione
1080 1060 1119 1102 aa
1139 1038 1195 1102 via

88 1134 188 1202 altera
215 1137 320 1206 forma
348 1163 389 1204 ex
421 1140 525 1206 altera
551 1149 628 1204 nata
655 1140 697 1204 sit
723 1138 932 1206 coniectando
963 1139 1067 1224 magis
1097 1157 1195 1225 quam

87 1232 335 1302 demonstrando
357 1238 507 1324 detegere
530 1240 698 1326 possimus.

144 1350 190 1416 Ut
204 1361 311 1417 autern
327 1363 414 1418 oerto
428 1353 569 1438 quodam
586 1345 699 1418 ordine
716 1352 872 1440 procedat
886 1351 1063 1440 disputatio
1074 1361 1194 1433 nostra,

86 1471 105 1513 a
124 1450 343 1536 gutturelibus
365 1463 439 1516 ante
460 1458 472 1513 l
491 1451 579 1518 elisis
602 1447 728 1518 initium
745 1453 923 1539 capiamus.

146 1557 241 1664 Quae
264 1583 443 1650 Corssenus
466 1593 579 1650 eontra
602 1584 781 1672 disputavit
801 1584 854 1660 (de
879 1584 1046 1670 pronunt²
1067 1606 1099 1670 p.
1123 1587 1193 1651 641.

85 1687 160 1760 not.)
181 1681 267 1746 hano
289 1682 462 1768 gutturalis
485 1686 710 1750 reiectionem
733 1692 906 1770 propterea
932 1705 997 1750 non
1020 1703 1091 1748 esse
1111 1677 1192 1748 ieri-

86 1779 232 1863 similem,
246 1782 333 1869 quod
348 1784 569 1848 invenirentur
580 1781 741 1848 vocabula
755 1787 891 1862 vinclum,
901 1786 1055 1862 periclum,
1067 1786 1192 1862 poclum,

83 1887 230 1958 oraclum,
252 1888 395 1963 saeelum,
415 1871 640 1965 potsmodum,
664 1889 838 1963 meracium,
862 1885 1032 1962 miraclum,
1054 1885 1192 1944 taberna-

84 1983 166 2061 dam,
189 1984 334 2044 vehiclum
349 1980 477 2058 similia,
500 1982 533 2045 in
549 1981 667 2067 quibus
683 1986 711 2042 cl
723 1980 947 2046 eomodissime
963 1980 1193 2064 coniungeren-

83 2084 148 2142 tur:
178 2078 242 2144 hoo
263 2080 392 2164 quidem
414 2089 589 2166 propterea
610 2102 681 2144 non*
696 2081 806 2164 magni
833 2080 985 2144 momenti
1008 2087 1074 2154 est,
1107 2076 1194 2165 quod
1264 2131 1266 2138 .

84 2180 179 2244 etiam
216 2177 295 2244 alibi
324 2203 418 2244 usum
451 2179 583 2264 linguae
613 2201 730 2265 parum
762 2178 825 2244 sibi
855 2187 1004 2243 constare
1034 2176 1192 2244 videmus.

84 2277 149 2342 Nee
169 2279 243 2366 ipse
264 2277 444 2345 Oorssenus
466 2279 499 2342 in
521 2301 560 2343 ea
582 2301 617 2344 re
638 2277 700 2344 sibi
724 2287 866 2359 eonatat3
889 2278 960 2362 ipse
980 2277 1065 2342 enim
1087 2299 1119 2362 p.
1133 2281 1193 2344 638

84 2376 231 2444 coneedit
260 2401 276 2439 o
311 2386 386 2443 ante
419 2383 431 2438 l
457 2400 528 2442 esse
564 2376 678 2442 elisum
713 2379 747 2442 in
781 2375 982 2441 substantivo
1015 2381 1101 2437 tetam
1134 2396 1193 2459 pro

82 2477 241 2558 *tec-lum,
272 2475 389 2542 deinde
409 2501 440 2564 p-
465 2483 525 2546 652
552 2478 585 2542 in
608 2499 687 2542 voee
708 2481 808 2539 catina
830 2482 883 2552 (ex
905 2474 1065 2556 *eoclina‚
1098 2481 1194 2537 colina

84 2577 169 2664 apud
189 2576 360 2658 Nonium),
392 2577 489 2642 immo
518 2599 548 2664 p.
571 2583 630 2644 638
659 2574 746 2644 idem
774 2576 893 2640 factum
926 2597 997 2640 esse
1023 2597 1095 2640 eum
1118 2597 1192 2662 pro-

83 2675 235 2741 ductione
264 2675 464 2763 suppletoria
497 2675 608 2742 statuit
642 2675 675 2740 in
704 2673 813 2740 verbis
842 2678 920 2737 elati
952 2681 1032 2762 (pro
1060 2675 1193 2752 *solatri

81 2779 197 2839 elucere
219 2779 290 2860 (pro
311 2773 491 2854 *reluceret

142 2890 195 2954 Ae
205 2887 350 2975 profecto
361 2889 532 2954 verborum
545 2911 617 2954 oum
628 2891 869 2976 praepositione
889 2913 926 2951 ee
943 2889 1193 2976 compositorum

82 3011 145 3054 non
161 2987 279 3054 eadem
295 2996 345 3054 est
354 2990 438 3054 ratio
449 2998 546 3076 atque
564 3010 675 3054 earum
696 3010 812 3054 vocum
835 3010 915 3073 quas
939 3009 1038 3075 supra
1055 3009 1191 3052 commo-

82 3087 299 3156 moravimus:
320 3093 371 3150 ala
393 3093 474 3150 matu
492 3093 570 3150 talus
592 3095 651 3152 eet.
686 3091 728 3170 (ξ.
752 3091 814 3163 27.)
851 3085 889 3150 In
910 3085 972 3150 illis
995 3085 1079 3150 enim
1101 3086 1191 3172 prius

82 3185 160 3252 elisa
184 3196 234 3252 est
254 3185 427 3272 gutturalis
450 3185 579 3270 (*asla)‚
602 3194 670 3252 tum
693 3185 822 3250 demum
838 3185 973 3250 sibilans
990 3190 1074 3265 (ala).
1109 3181 1191 3250 Con-

80 3293 129 3350 tra
156 3285 211 3350 hie
231 3284 403 3370 (siquidem
432 3283 534 3373 ¹plena
556 3283 668 3350 addita
696 3295 745 3350 est
767 3286 965 3372 praepositio
987 3308 1039 3366 err,
1075 3291 1106 3347 et
1128 3306 1191 3348 non

81 3385 191 3450 statim
218 3385 303 3450 siout
324 3385 359 3448 in
382 3381 511 3450 Graeca
537 3382 651 3470 lingua
677 3383 780 3450 altera
800 3387 903 3450 torma
926 3388 969 3462 ee)
998 3383 1125 3448 initium
1146 3384 1192 3448 fe·

79 3482 162 3548 cisse
186 3481 372 3550 sibilantem
394 3490 533 3571 apparet
554 3506 596 3548 ex
617 3483 848 3550 vetustioribus
870 3485 981 3548 formis
1003 3487 1117 3566 ecfari,
1147 3507 1191 3546 ee·

77 3589 180 3664 satus,
211 3591 356 3665 ecfatam,
386 3591 487 3661 ecfers
507 3581 547 3648 al.
590 3583 718 3648 Deinde
738 3584 909 3669 gutturalis
932 3584 1121 3649 eiectionem
1144 3606 1189 3648 se-

80 3691 154 3746 euta
176 3690 226 3746 est
244 3680 368 3748 vocalis
391 3681 576 3768 productio,
605 3684 710 3748 itaut
733 3691 914 3748 statuamus
942 3685 1070 3771 priores
1091 3683 1191 3748 fuisse

79 3779 200 3846 formas
223 3779 358 3863 *ardica
380 3781 517 3862 *sopora
532 3787 666 3866 *celicia
687 3783 841 3866 *celabam
857 3783 997 3860 *remica
1014 3781 1190 3866 *ernastum

79 3879 227 3962 *scripta
249 3885 396 3962 eomodo,
418 3889 532 3968 postea

55 3985 57 3990 ⁵
140 3999 232 4078 edico,
255 4019 350 4077 spero,
373 3999 467 4078 aiteio,
489 4001 642 4062 elaboret
664 4019 747 4082 quae
770 4006 955 4086 sequuntur.

140 4110 251 4176 Media
273 4111 445 4198 gutturalis
470 4111 592 4178 excidit
614 4114 646 4176 in
