3056 4968
597 471 655 534 127

70 647 186 714 ebenso
208 648 270 714 wie
292 645 351 712 das
370 667 391 727 χ
411 648 457 712 im
478 645 600 714 Munda
621 650 678 715 der
700 647 924 736 Neugriechen
940 649 1106 717 bisweilen
1125 648 1179 730 hx
1238 735 1242 742 ἡ

71 747 184 830 lautet,
215 745 294 811 aber
317 746 375 812 das
407 747 490 812 wird
521 749 644 815 schwer
670 773 710 814 zu
741 749 947 814 entscheidcn
970 753 1054 834 sein,
1083 750 1176 837 dap

69 869 140 912 vor
158 847 175 910 f
194 869 238 910 so
259 845 388 912 leicht
407 847 720 915 verschwindet.
751 849 799 913 Ist
820 848 902 914 doch
925 874 951 914 z.
969 849 1005 916 B.
1025 851 1059 914 in
1074 849 1179 914 Nord-

72 943 283 1010 deutschland
304 944 357 1010 die
377 945 588 1034 Aussprache
609 945 665 1010 des
689 948 729 1034 pf
745 971 781 1013 so
803 947 1006 1034 nachlassig,
1028 948 1104 1012 dass
1127 947 1179 1011 die

69 1044 300 1130 Eingebornen
324 1045 370 1110 oft
392 1045 450 1110 das
466 1046 707 1112 Plattdeutsche
730 1069 770 1111 zu
784 1046 888 1110 Rathe
908 1048 1020 1112 niehen
1039 1056 1179 1128 mussan,

70 1136 131 1206 um¹
144 1143 216 1208 sich
237 1166 278 1208 zu
301 1147 461 1227 erinnem,
484 1145 524 1211 ob
545 1149 591 1211 sie
605 1147 644 1234 pf
657 1146 734 1211 oder
751 1147 913 1212 einfaches
928 1147 945 1211 f
955 1169 996 1212 zu
1010 1145 1179 1212 schreiben
1197 1143 1201 1152 '
1265 1161 1267 1166 ’

71 1241 208 1307 haben.“

132 1340 260 1423 Quodsi
283 1342 373 1430 apud
396 1341 541 1408 Graecos
568 1345 766 1409 recentiores
795 1344 862 1409 sere
885 1352 1070 1410 constanter
1093 1343 1179 1408 affri-

72 1449 160 1505 catae
174 1451 301 1506 veteres
316 1443 350 1508 in
368 1443 529 1530 spirantes
545 1443 756 1508 transierunt:
773 1443 851 1531 quid
867 1443 984 1526 obstat,
1007 1443 1178 1530 quominus

69 1539 101 1602 in
114 1543 273 1605 iuncturis
290 1543 348 1619 χθ,
364 1543 427 1626 cpe,
437 1561 485 1620 χχ,
499 1561 564 1628 φφ,
578 1542 644 1616 θθ,
663 1541 780 1628 quibus
804 1545 900 1608 etiarn
922 1565 960 1620 κχ
974 1544 1020 1605 vc
1035 1563 1089 1628 πφ
1102 1541 1180 1606 addi

72 1650 219 1723 possunt,
248 1641 315 1705 iam
337 1642 514 1728 antiquitus
544 1642 705 1726 spirantes
735 1641 862 1707 auditas
885 1665 956 1708 essa
978 1639 1179 1708 statuamus?

70 1736 157 1802 Idem
180 1741 279 1804 etiam
303 1763 344 1805 ex
366 1739 496 1825 linguae
520 1738 626 1804 Oscae
648 1749 680 1804 et
700 1738 836 1806 Goticae
858 1741 1010 1826 analogia
1032 1739 1180 1805 concludi

71 1847 191 1922 potest,
222 1842 256 1904 in
279 1837 396 1926 quibus
416 1847 452 1926 pt
473 1847 505 1902 et
527 1847 559 1903 ot
579 1848 749 1904 transeunt
769 1841 803 1904 in
822 1841 848 1904 ft
868 1850 900 1904 et
920 1840 955 1904 ht
978 1839 1045 1917 (ubi
1066 1838 1082 1901 f
1106 1849 1137 1902 et
1158 1838 1179 1902 h

72 1947 180 2022 aperta
198 1940 359 2026 spirantes
383 1943 476 2020 sunt),
502 1959 585 2024 quae
605 1939 774 2002 iuncturae
795 1939 852 2002 vix
873 1937 1006 2003 multum
1030 1937 1179 2003 diversae

73 2047 143 2101 sunt
159 2060 180 2104 a
196 2035 334 2102 Graecis
357 2039 412 2124 φθ
432 2045 464 2102 et
481 2038 539 2114 gd,
565 2058 645 2123 quas
660 2035 822 2101 interdum
844 2059 885 2101 ex
906 2059 950 2098 m
972 2047 1004 2102 et
1025 2059 1063 2100 κτ
1085 2047 1179 2102 natas

73 2157 140 2200 esse
152 2159 254 2224 supra
268 2143 353 2224 (pag.
366 2141 489 2221 lOlsq.)
502 2135 802 2202 demonstravimus.

130 2236 176 2302 Ut
197 2239 299 2323 igitur
321 2257 478 2300 summam
500 2256 621 2318 eorum,
643 2257 725 2320 quae
745 2234 807 2300 hoc
828 2236 934 2321 capite
956 2235 1104 2315 disserui,
1127 2256 1178 2298 re·

74 2343 198 2420 petam,
221 2357 293 2401 meo
314 2334 435 2398 iudicio
455 2343 567 2399 tenues
586 2333 714 2399 litterae
734 2335 767 2399 in
788 2337 950 2422 aspiratus
973 2335 1179 2416 transierunt,

75 2434 99 2496 si
126 2434 277 2500 clausura
308 2435 389 2511 oris,
421 2454 485 2519 qua
512 2432 555 2498 ad
584 2442 697 2498 tenues
724 2433 979 2521 pronuntiandas
1010 2454 1092 2519 opus
1121 2442 1178 2510 est,
1236 2493 1253 2514 Ι,

75 2533 214 2617 paullum
244 2531 435 2614 laxabatur,
466 2542 503 2596 ut
532 2535 664 2620 spiritus
686 2535 778 2598 iuxta
808 2532 946 2599 evadere
975 2543 1101 2620 posset:
1132 2533 1179 2595 sic

76 2634 154 2698 enim
173 2631 352 2698 secundnm
378 2632 574 2697 recentiores
603 2632 813 2721 physiologos
841 2633 892 2707 (cf.
914 2633 1011 2696 etiam
1030 2631 1178 2713 Schera,

77 2753 100 2795 a.
122 2731 240 2799 Gesch.
270 2731 301 2796 d.
326 2730 502 2796 deutschen
525 2729 598 2818 Spr.
622 2755 698 2819 pag.
716 2733 809 2810 68⁴⁹)
836 2730 883 2796 illi
912 2733 982 2796 soni
1009 2732 1178 2822 exsistunt,

74 2851 149 2915 quos
171 2831 314 2898 medium
336 2830 441 2895 locum
456 2831 540 2895 inter
557 2830 721 2918 simplices
743 2840 776 2895 et
798 2830 941 2918 duplices
965 2842 1178 2895 consonantes

74 2935 176 2996 tenere
200 2928 295 2996 modo
318 2928 547 2996 demonstravi.

127 3089 276 3097 ἱ--ι

118 3181 160 3250 49)
186 3179 264 3251 „Die
281 3177 446 3234 Affrication
463 3175 513 3230 hat
529 3191 594 3228 man
613 3173 685 3229 ohne
704 3174 814 3230 Zweifel
831 3176 872 3230 als
890 3175 1103 3249 Erleichterung
1120 3175 1179 3231 auf-

75 3261 206 3320 nulassen.
242 3265 357 3317 Anstatt
374 3262 437 3317 sehr
453 3259 543 3316 festen
560 3259 723 3315 Verschluss
740 3259 870 3330 plo'tzlich
891 3260 948 3314 und
966 3261 1126 3332 gawaltsam
1144 3279 1178 3314 zu

77 3343 173 3417 dffnen,
191 3347 258 3402 wird
271 3364 301 3402 er
317 3349 439 3418 weniger
454 3344 509 3399 fest
525 3345 654 3416 gemacht
671 3344 729 3397 und
741 3344 897 3399 allmiihlich
915 3343 1050 3417 gentiunt,
1068 3361 1098 3398 so
1116 3345 1179 3398 dass

75 3427 130 3566 Ziph
147 3437 203 3486 urst
219 3430 291 3486 noch
301 3431 382 3503 Enge
399 3430 487 3485 bildet
504 3427 562 3481 und
574 3426 704 3498 Reibnng
722 3427 1085 3484 derausstrtimendenLuft
1101 3432 1179 3482 statt·

112 3513 181 3572 det.“

502 3911 748 3980 Addendum.

137 4027 206 4104 Pag.
227 4034 259 4088 89
277 4029 361 4086 adde:
377 4029 559 4101 Ὀρείμαχχος
576 4029 606 4083 in
622 4045 695 4086 vaso.
713 4029 743 4084 0.
761 4029 782 4085 1.
801 4025 848 4084 Gr.
868 4015 941 4083 7463.
