3034 4964
632 469 673 532 29

94 658 203 714 tamen
217 669 259 712 na
274 646 356 712 haee
378 645 509 734 quidem
525 647 630 714 forma
645 647 686 712 ab
710 648 835 734 origine
850 655 965 733 potitae
987 646 1087 712 fuisse
1107 653 1213 734 potest

93 756 232 834 propter
268 748 522 812 contractionem
560 746 602 812 ab
633 746 777 812 Homero
809 754 841 811 55
872 747 1053 830 antiquiore
1087 743 1214 810 Doride

94 847 246 912 alienam.
289 845 427 911 Videtur
448 868 469 910 a
489 844 633 911 librariis
662 847 827 932 synizesin
857 844 1054 930 fugientibus
1077 866 1137 931 pro
1159 865 1214 928 ge·

93 955 195 1019 nnina
221 930 322 1040 565511
341 953 465 1039 scripta
487 973 568 1018 esse.
612 952 773 1039 Congruit
793 975 865 1018 oum
887 954 944 1033 eis,
967 973 1050 1038 quae
1072 950 1213 1015 diximus

93 1059 122 1120 3.
146 1075 196 1140 ps.
220 1052 304 1138 plur.
325 1051 472 1136 Theogn
496 1058 536 1119 54
558 1042 687 1139 ᾔδεσαν,
710 1074 821 1139 qnam
828 1051 965 1117 formam
987 1049 1091 1116 solam
1115 1051 1213 1114 etiam

93 1153 291 1220 vetustiores
311 1151 414 1218 Attici
435 1091 644 1216 adhibebant.

157 1250 288 1316 Deinde
309 1249 500 1338 plerumque
520 1247 688 1315 solvuntur
710 1251 744 1313 in
766 1250 874 1336 epiea,
898 1271 1025 1336 semper
1046 1251 1081 1314 in
1102 1249 1214 1316 Ionica

93 1349 237 1416 dialecto
260 1350 369 1416 555555
397 1349 498 1414 activi
520 1361 552 1414 55
573 1347 672 1414 medii
701 1348 875 1415 verborum
902 1347 1113 1434 liquidorum,
1142 1370 1213 1412 oum

92 1460 171 1538 post
198 1448 344 1516 vocalem
372 1445 580 1514 thematieem
606 1469 623 1510 5
650 1454 685 1528 oj
712 1449 848 1512 eiectum
876 1449 932 1530 sit,
962 1448 1000 1512 55.
1029 1441 1213 1530 ems-ajo,

93 1545 162 1612 Set.
193 1549 273 1612 tan?
252 1571 288 1614 -ι-
277 1547 408 1636 -shjami
439 1547 517 1622 (vid.
547 1550 630 1628 ξ.)
599 1550 639 1623 5).
681 1545 817 1612 Praeter
848 1496 1000 1636 exempla
1027 1546 1215 1612 Her-odotea

91 1649 268 1738 inspicias:
296 1645 489 1738 Hippocrat.
516 1645 607 1712 AAL
638 1651 681 1714 18
713 1651 769 1712 21:
798 1639 895 1730 ἐρέω,
925 1645 1047 1716 Meliss
1074 1653 1125 1716 10:
1153 1666 1216 1708 aa·
1312 1658 1315 1663 ·

92 1739 216 1828 ganist.
259 1745 438 1814 Democrit.
460 1769 538 1812 mor.
560 1751 594 1814 6:
617 1737 843 1825 ὄρεόμενος-
801 1739 988 1829 -ἒρὲεται,
1015 1751 1071 1814 135
1094 1741 1216 1832 φανέε-

91 1867 161 1909 ται.
206 1843 403 1961 Conspirant
434 1843 532 1910 Areb.
567 1868 617 1932 ep.
640 1851 696 1928 89,
730 1853 756 1914 1.
806 1845 907 1932 Hipp
942 1851 982 1914 20
1014 1839 1095 1924 ἐρέω
1129 1845 1216 1933 quod

93 1946 241 2032 syninesi
262 1944 537 2032 pronuntiandum
568 1953 616 2008 555
642 1965 745 2032 aeque
772 1953 869 2032 atque
889 1943 990 2010 Arob.
1012 1947 1068 2025 79,
1096 1950 1131 2009 2:
1158 1943 1216 2010 ubi

92 2044 216 2131 legitur
236 2045 366 2108 ineunte
388 2065 486 2109 versu
507 2052 705 2130 asynarteto,
727 2043 766 2110 55
789 2033 1212 2128 55.79,1;Ἐρασμονίόη,

94 2150 134 2213 81
162 2133 288 2219 ἀστῶν,
321 2148 361 2210 82
384 2135 565 2229 Δήμητρι
563 2165 645 2228 quae
667 2143 831 2229 synizesin
858 2141 920 2206 hoc
941 2141 1078 2220 loeo(et
1047 2143 1134 2206 ein
1156 2164 1216 2227 φι-

94 2236 188 2304 λε’-ειν
208 2241 246 2305 fr.
268 2247 320 2320 80)
352 2241 587 2308 commendant.
630 2240 740 2306 Etiam
768 2240 970 2360 Hephaestio
999 2265 1031 2328 p.
1053 2245 1092 2310 88
1121 2241 1215 2308 dicit:

90 2333 315 2427 Ὑπονοήσειι
344 2329 420 2403 ‹t’''
397 2363 438 2403 αν
456 2362 505 2416 τις
525 2337 583 2405 καὶ
608 2331 718 2426 τρίτην
741 2329 967 2428 διαφορὰν
936 2362 1022 2404 strat
1043 2341 1088 2423 sui
1110 2331 1216 2425 Ἀρχι-

94 2433 187 2526 λόχῳ
209 2435 294 2526 πρὸς
314 2436 392 2518 τοὺς
413 2432 489 2522 μετ’
512 2432 627 2524 αὐτόν,
648 2429 772 2503 auem
752 2463 791 2526 ην
814 2437 908 2504 δοκεῖ
928 2462 973 2526 τῳ
997 2433 1133 2560 πρώτῳ
1138 2443 1217 2528 χρῆ-

94 2541 197 2608 σθαι.
239 2529 369 2658 ,,Ἐρὲω
391 2537 479 2604 πολὺ
503 2531 643 2630 φίλταθ’
668 2547 754 2606 555.α
798 2535 964 2616 ,Φιλέειν
985 2549 1071 2606 555.“
1107 2527 1221 2626 oleris·

95 2632 276 2756 ἐχρήσαντο
298 2633 436 2702 ἐκεῖνοι·
460 2629 676 2726 eatvaaio'
701 2630 775 2703 οὔδ’
801 2630 902 2716 αὐτὸς
922 2635 1129 2728 κεχρημένος,
1155 2633 1218 2706 δύη

97 2761 198 2804 voees
214 2733 275 2822 γὰρ
292 2729 508 2826 ἀμφότερα
531 2735 633 2804 κατὰ
655 2731 961 2828 συνεκφώνησιν
982 2731 1040 2818 εἷς
1059 2731 1217 2824 ἴαμβον

96 2833 348 2922 περιιστασθαι.
384 2837 439 2904 Ad
449 2837 560 2909 hane
551 2840 651 2926 igitur
665 2861 812 2908 normam
828 2837 1019 2914 mutandum
1033 2847 1082 2906 555
1087 2862 1095 2904 :
1068 2837 1217 2908 tAroh.

96 2948 172 3004 tetr.
195 2944 228 3006 61
236 2986 245 3022 ,
269 2945 300 3002 1:
328 2939 508 3001 καταυανεῖ
534 2941 568 3004 in
596 2933 791 3004 xuravuve'as
812 2937 865 3016 (de
888 2939 1030 3026 synizesi
1057 2941 1143 3006 infra
1169 2939 1216 3004 di·
1335 2959 1340 2968 ·

97 3038 249 3118 5555531)
271 3047 303 3102 et
325 3035 470 3124 Theogn.
496 3044 573 3106 1236
595 3042 686 3126 (mp.)
709 3033 772 3119 ἐρῶ
792 3037 827 3102 15
847 3031 938 3122 ἐρέω.

162 3135 287 3204 Contra
307 3145 395 3202 reete
416 3159 487 3202 5555
514 3135 635 3204 babent
656 3137 779 3204 formae
800 3137 834 3201 in
861 3158 892 3200 ει
914 3145 1101 3202 contractae
1129 3135 1217 3226 apud

98 3236 271 3322 elegiacos,
294 3257 367 3300 eum
390 3234 433 3300 ad
452 3236 589 3302 Homeri
610 3237 793 3324 exemplum
816 3235 922 3302 dietae
944 3237 1021 3302 sint:

161 3335 274 3401 Mimn.
298 3342 326 3418 7,
347 3345 365 3402 4
389 3329 464 3426 ensi.
489 3335 634 3423 Theogn.
659 3343 707 3406 22.
726 3341 801 3403 4925
825 3329 901 3419 ἐρεῖ.
922 3333 1014 3421 Tyrt.
1035 3341 1064 3420 3,
1082 3343 1112 3402 1:
1136 3327 1217 3402 ὀλεῖ.

99 3435 247 3520 Theogn.
270 3439 318 3502 36.
341 3441 402 3504 245
422 3431 569 3511 ἀπολεῖς.
606 3442 684 3503 1104
708 3427 840 3502 ἀπολεῖ.
872 3435 990 3520 Solo,
1015 3443 1040 3502 1.
1071 3433 1216 3522 T-beogn.

98 3539 160 3602 867
182 3526 319 3600 ὀλεῖται.
346 3569 389 3582 -
421 3535 470 3611 (Ι5
497 3527 726 3616 ἀτρεμιεῖσθαι
749 3535 896 3624 Theogn.
923 3542 977 3618 47,
1006 3534 1092 3623 quod
1116 3535 1217 3622 Berg-

98 3632 174 3698 kius
205 3642 293 3700 reete
325 3635 458 3722 scripsit
489 3657 550 3722 pro
580 3635 728 3701 codicum
760 3627 1001 3717 ἀτρεμὲεσθαι,
1038 3639 1218 3702 contractio

99 3734 202 3798 nimio
223 3732 371 3798 brevium
394 3732 593 3820 syllabarum
614 3755 748 3800 numero
769 3733 1004 3821 flagitabatur.)

161 3831 251 3898 152.
274 3853 416 3919 persona
443 3833 600 3920 singulari
629 3833 728 3899 medii
750 3834 911 3899 Homerus
940 3855 1038 3920 saepe
1065 3835 1218 3900 termina-

99 3931 219 3995 tiones:
242 3952 282 3996 55
307 3941 338 3995 55
360 3951 415 3994 aaa
436 3946 540 4014 5555,
560 3953 643 4020 quae
666 3955 707 3999 ex
729 3932 966 4021 antiquioribus
988 3951 1085 4017 a-oo,
1108 3951 1216 4012 Μαι,

173 4153 199 4216 3)
217 4147 323 4220 Bergki
341 4146 606 4217 coniecturalibus
623 4149 733 4204 ’πωλεῖ
746 4147 832 4220 Hipp.
847 4153 881 4205 tr.
897 4152 927 4204 21
947 4149 1028 4206 valde
1045 4149 1153 4205 ineerta
1169 4153 1218 4206 555.
