3056 4968
621 443 678 506 179

92 619 197 686 ciendi
220 620 404 704 formatum,
427 643 491 686 non
513 643 645 709 possum
668 621 881 688 Fleckeiseno
903 619 980 697 (vid.
1003 623 1099 686 etiam
1121 619 1201 687 titul.

89 719 117 782 L
139 742 177 807 pr
195 726 261 800 30.)
284 721 450 804 assentiri,
479 723 535 808 qui
556 724 730 802 *suspicitlo
757 721 798 786 ab
825 721 917 784 initio
943 721 1082 786 formam
1102 721 1202 786 fuisse

89 827 193 903 putat.
239 820 323 884 Nem
347 818 527 886 Corstenus
550 829 582 885 et
601 822 635 885 iu
654 820 748 886 bonis
771 819 936 884 codicibus
956 819 1111 884 traditam
1133 841 1203 884 esse
1259 848 1264 858 ·

89 921 222 996 suspicio
246 921 440 1006 scripturam
463 918 697 986 demonstravit
718 919 833 1006 (symb.
858 921 928 984 crit.
948 940 979 1004 p.
996 924 1045 996 15)
1067 928 1102 981 et
1119 939 1202 982 ccm-

89 1011 224 1100 paravit
244 1018 470 1084 formationem
485 1018 659 1084 verborum
676 1023 818 1101 condicio,
841 1023 927 1100 dicio,
950 1017 1096 1099 aliorum,
1119 1039 1202 1103 quae

90 1114 121 1175 in
143 1117 278 1200 optimis
293 1119 538 1204 manuscriptis
556 1140 628 1182 cum
646 1142 660 1180 c
675 1119 797 1204 scripta
814 1126 895 1182 sunt.
930 1115 975 1180 Ut
996 1126 1103 1180 autem
1126 1120 1204 1178 dicio

88 1233 130 1274 ex
151 1214 230 1298 ipsa
251 1215 322 1281 rad.
343 1220 391 1278 dic
412 1215 559 1280 derivate
581 1227 638 1299 est,
661 1218 708 1280 sic
729 1221 860 1296 auspicio
881 1239 898 1280 e
917 1213 988 1282 rad.
1008 1239 1085 1294 spec.-

147 1313 259 1399 Atque
281 1313 394 1379 similis
417 1315 577 1402 quaedam
597 1318 680 1380 ratio
701 1317 804 1380 estin
824 1315 924 1380 verbo

148 1419 331 1498 convectam
361 1415 449 1498 quod
471 1415 644 1480 admodum
674 1413 888 1501 probabiliter
912 1429 985 1478 cum
1006 1411 1106 1476 verbo
1128 1413 1203 1472 iavi-

88 1518 174 1574 temdi
197 1531 218 1576 a
240 1511 352 1580 Curtio
374 1515 421 1578 ita
443 1523 649 1602 comparetur
666 1523 712 1578 ·ut
734 1513 775 1578 ab
798 1513 912 1578 eadem
942 1514 1045 1596 stirpe
1066 1533 1119 1572 voc
1140 1510 1203 1575 ior·

89 1611 174 1674 sitan
201 1633 241 1676 eo
267 1621 413 1699 tempore
442 1615 575 1696 exierit,
611 1635 674 1700 quo
702 1635 741 1678 ea
767 1613 888 1678 iamin
909 1635 960 1674 cac
982 1619 1052 1674 erat
1078 1617 1204 1674 mutata

87 1710 138 1783 (cf.
163 1709 278 1776 (lorss.
301 1711 405 1797 symb.
429 1715 498 1778 crit.
517 1736 549 1800 p.
573 1718 632 1791 72).

152 1808 267 1889 Quare
288 1816 417 1892 suspicio
433 1823 464 1876 et
479 1815 642 1874 convicium
663 1832 828 1875 enumero
846 1831 958 1874 earum
972 1829 1098 1889 vocum,
1121 1827 1203 1893 quae

89 1909 273 1974 omiserunt
296 1911 491 1995 gutturalem
513 1920 587 1980 aute
610 1924 622 1972 t
641 1910 782 1975 litteram
803 1906 1062 1974 removebuntur.

151 2024 268 2112 Neque
289 2036 363 2090 ante
385 2024 595 2091 semivocales
617 2025 725 2090 media
746 2023 919 2109 gutturalis
942 2045 1025 2110 quae
1048 2020 1118 2085 sola
1138 2007 1203 2084 illis

90 2125 285 2191 antecedere
307 2134 424 2213 potest,
447 2133 600 2190 remanet.

624 2339 631 2356 .
654 2295 704 2357 33.

149 2387 305 2472 Plurimis
328 2406 487 2494 exemplis
511 2293 627 2487 8111θὲ]
653 2411 677 2484 (s'
696 2409 884 2480 consonam)
912 2405 1061 2468 emissam
1084 2425 1154 2468 esse
1174 2425 1203 2486 9,

91 2501 202 2570 docuit
231 2503 293 2571 Th.
323 2505 529 2600 Aulreclrtius
562 2508 596 2570 in
631 2505 848 2592 disputatione
876 2503 1012 2580 (Kahnii
1041 2501 1147 2566 annal.
1177 2503 1203 2580 l)

92 2624 174 2688 quae
196 2604 399 2670 inscribitur:
423 2609 484 2672 Dos
504 2609 675 2668 lateioisclse
690 2614 711 2686 j
731 2613 770 2666 im
789 2609 901 2667 lateat.
1202 2625 1205 2630 ·

153 2702 240 2768 Sunt
261 2713 367 2769 autem
389 2704 482 2770 haec:

150 2801 300 2868 Primum
315 2808 420 2883 maior,
440 2806 532 2866 maius
548 2825 607 2889 pro
623 2805 759 2884 *osoplon
781 2803 918 2882 *inopina
940 2801 974 2864 in
996 2821 1058 2884 quo
1074 2799 1204 2886 quidem

95 2901 216 2966 omissa
238 2902 394 2988 gutturali
416 2902 606 2990 producitur
628 2901 760 2967 vocalis.

157 2997 244 3065 Tum
266 3005 314 3063 aio
338 3022 378 3066 ex
399 3003 483 3083 *opio
503 3003 663 3088 provenit,
684 3000 770 3088 quod
791 2997 927 3064 verbum
947 2996 1142 3062 declinatum
1157 3005 1205 3060 est

94 3097 204 3164 aScr.
227 3101 330 3186 stirpe
349 3106 390 3164 ult
413 3101 530 3167 dicere.
574 3099 666 3182 Quae
687 3099 785 3162 radix
805 3098 914 3162 brevis
933 3097 1053 3162 mansit
1074 3097 1108 3160 in
1130 3095 1205 3160 sub*

93 3201 236 3263 stantivo
257 3202 396 3280 adeptum
420 3223 438 3264 e
466 3221 528 3286 quc
551 3198 646 3262 simul
674 3197 872 3284 conspicitur
892 3195 1046 3260 vocabuli
1068 3203 1117 3258 aio
1139 3197 1203 3281 spi-

92 3304 252 3362 rantemi
279 3319 343 3362 non
365 3298 564 3385 respondere
587 3296 752 3362 Senserito
775 3301 809 3378 a,
838 3294 925 3381 quod
952 3304 987 3357 ut
1016 3317 1143 3381 semper
1170 3296 1204 3358 in

94 3395 211 3461 mediis
234 3396 371 3462 vocibus
393 3399 495 3462 sicin
517 3400 599 3478 *apio
620 3397 739 3462 Latino
761 3396 882 3460 factum
907 3401 956 3457 est
975 3416 1003 3472 9.

154 3495 285 3560 Deinde
295 3500 369 3559 meio
378 3517 437 3583 per
448 3495 695 3584 productionem
707 3495 939 3582 suppletoriam
949 3502 1053 3556 ortum
1064 3513 1135 3556 esse
1146 3515 1203 3578 pu-

92 3597 161 3657 tant
172 3615 215 3660 ex
230 3596 343 3679 *miqia
358 3595 445 3682 quod
460 3594 559 3661 arad.
571 3600 638 3678 reip,
656 3593 725 3660 Ser.
740 3601 797 3656 mih
811 3591 984 3673 effundere,
997 3594 1203 3676 praesertim:

94 3692 238 3780 mingere
263 3693 320 3760 Gr.
339 3715 399 3774 μιχ
420 3685 568 3774 (ὀμιχέω)
590 3694 772 3761 derivatum
793 3713 866 3757 esse
888 3699 1022 3778 psopter
1043 3690 1204 3775 significa-

93 3789 212 3885 tionem
228 3801 404 3880 etpropter
414 3792 597 3856 litterarum
611 3794 770 3857 rationem
783 3801 903 3856 certum
916 3797 973 3853 est.
1004 3787 1069 3853 Sed
1083 3791 1203 3853 rectius

94 3887 238 3958 iudicare
250 3891 381 3957 Ourtius
393 3891 532 3973 videtur,
548 3893 606 3978 qui
622 3915 639 3956 e
653 3891 764 3956 radice
777 3894 835 3970 erip
849 3887 970 3976 duplex
981 3887 1117 3952 verbum
1129 3910 1203 3974 pro-

96 3984 193 4055 diisse
209 3992 384 4074 existimat,
407 3990 543 4054 alterum
565 3989 693 4054 adiecta
708 3989 813 4054 nasali
827 3995 933 4069 mingo,
955 3985 1092 4050 alterum
1108 3995 1205 4050 aucta

94 4090 197 4154 vocali
220 4093 353 4173 *meipsa
376 4089 463 4178 quod
476 4097 545 4155 tum
566 4089 697 4154 transiit
717 4090 751 4152 in
764 4091 890 4169 *mepta
912 4089 993 4150 meio.

942 4183 991 4236 12*
