<?xml version="1.0" encoding="UTF-8"?>
<!DOCTYPE html PUBLIC "-//W3C//DTD XHTML 1.0 Transitional//EN"
    "http://www.w3.org/TR/xhtml1/DTD/xhtml1-transitional.dtd">
<html xmlns="http://www.w3.org/1999/xhtml" xml:lang="en" lang="en">
 <head>
  <title>
</title>
<meta http-equiv="Content-Type" content="text/html;charset=utf-8" />
  <meta name='ocr-system' content='tesseract 3.04.00' />
  <meta name='ocr-capabilities' content='ocr_page ocr_carea ocr_par ocr_line ocrx_word'/>
</head>
<body>
  <div class='ocr_page' id='page_1' title='image "./studienzurgriec00vanigoog/studienzurgriec00vanigoog_0325.png"; bbox 0 0 3034 4964; ppageno 0'>
   <div class='ocr_carea' id='block_1_1' title="bbox 638 461 679 524">
    <p class='ocr_par' dir='ltr' id='par_1_1' title="bbox 638 461 679 524">
     <span class='ocr_line' id='line_1_1' title="bbox 638 461 679 524; baseline -0.049 0"><span class='ocrx_word' id='word_1_1' title='bbox 638 461 679 524; x_wconf 85' lang='grc'><strong>37</strong></span> 
     </span>
    </p>
   </div>
   <div class='ocr_carea' id='block_1_2' title="bbox 81 637 1300 2613">
    <p class='ocr_par' dir='ltr' id='par_1_2' title="bbox 85 637 1300 1106">
     <span class='ocr_line' id='line_1_2' title="bbox 161 637 1224 728; baseline -0.002 -20"><span class='ocrx_word' id='word_1_2' title='bbox 161 640 338 728; x_wconf 80' lang='lat' dir='ltr'><strong>Elegiacoo</strong></span> <span class='ocrx_word' id='word_1_3' title='bbox 366 662 432 706; x_wconf 91' lang='lat' dir='ltr'><strong>non</strong></span> <span class='ocrx_word' id='word_1_4' title='bbox 461 648 530 706; x_wconf 86' lang='lat' dir='ltr'><strong>tam</strong></span> <span class='ocrx_word' id='word_1_5' title='bbox 561 661 602 704; x_wconf 88' lang='lat' dir='ltr'><strong>ex</strong></span> <span class='ocrx_word' id='word_1_6' title='bbox 630 638 837 726; x_wconf 82' lang='lat' dir='ltr'><strong>popularium</strong></span> <span class='ocrx_word' id='word_1_7' title='bbox 869 637 1101 706; x_wconf 74' lang='lat' dir='ltr'><strong>consuetudine</strong></span> <span class='ocrx_word' id='word_1_8' title='bbox 1126 661 1224 728; x_wconf 88' lang='lat' dir='ltr'><strong>quam</strong></span> 
     </span>
     <span class='ocr_line' id='line_1_3' title="bbox 88 737 1224 808; baseline -0.003 -1"><span class='ocrx_word' id='word_1_9' title='bbox 88 765 137 807; x_wconf 88' lang='lat' dir='ltr'><strong>ex</strong></span> <span class='ocrx_word' id='word_1_10' title='bbox 162 741 301 808; x_wconf 81' lang='lat' dir='ltr'><strong>Homeri</strong></span> <span class='ocrx_word' id='word_1_11' title='bbox 321 739 501 805; x_wconf 80' lang='lat' dir='ltr'><strong>imitatione</strong></span> <span class='ocrx_word' id='word_1_12' title='bbox 522 737 628 805; x_wconf 89' lang='lat' dir='ltr'><strong>vocali</strong></span> <span class='ocrx_word' id='word_1_13' title='bbox 648 737 743 804; x_wconf 88' lang='lat' dir='ltr'><strong>brevi</strong></span> <span class='ocrx_word' id='word_1_14' title='bbox 765 763 843 806; x_wconf 84' lang='lat' dir='ltr'><strong>usca</strong></span> <span class='ocrx_word' id='word_1_15' title='bbox 865 761 937 805; x_wconf 81' lang='lat' dir='ltr'><strong>eoae</strong></span> <span class='ocrx_word' id='word_1_16' title='bbox 957 739 1034 806; x_wconf 84' lang='lat' dir='ltr'><strong>inde</strong></span> <span class='ocrx_word' id='word_1_17' title='bbox 1056 737 1224 806; x_wconf 87' lang='lat' dir='ltr'><strong>concludi·</strong></span> 
     </span>
     <span class='ocr_line' id='line_1_4' title="bbox 86 837 1222 928; baseline -0.003 -21"><span class='ocrx_word' id='word_1_18' title='bbox 86 850 167 924; x_wconf 88' lang='lat' dir='ltr'><strong>tur,</strong></span> <span class='ocrx_word' id='word_1_19' title='bbox 202 840 290 928; x_wconf 86' lang='lat' dir='ltr'><strong>quod</strong></span> <span class='ocrx_word' id='word_1_20' title='bbox 321 848 456 927; x_wconf 87' lang='lat' dir='ltr'><strong>propter</strong></span> <span class='ocrx_word' id='word_1_21' title='bbox 482 837 641 904; x_wconf 83' lang='lat' dir='ltr'><strong>eiusmodi</strong></span> <span class='ocrx_word' id='word_1_22' title='bbox 673 839 899 928; x_wconf 81' lang='lat' dir='ltr'><strong>exemplorum</strong></span> <span class='ocrx_word' id='word_1_23' title='bbox 927 841 1127 928; x_wconf 77' lang='lat' dir='ltr'><strong>paucitatem</strong></span> <span class='ocrx_word' id='word_1_24' title='bbox 1154 839 1222 904; x_wconf 84' lang='lat' dir='ltr'><strong>iam</strong></span> 
     </span>
     <span class='ocr_line' id='line_1_5' title="bbox 85 937 1300 1026; baseline -0.002 -21"><span class='ocrx_word' id='word_1_25' title='bbox 85 939 238 1005; x_wconf 81' lang='lat' dir='ltr'><strong>Homeri</strong></span> <span class='ocrx_word' id='word_1_26' title='bbox 271 947 378 1004; x_wconf 86' lang='lat' dir='ltr'><strong>aetate</strong></span> <span class='ocrx_word' id='word_1_27' title='bbox 409 937 542 1024; x_wconf 82' lang='lat' dir='ltr'><strong>longam</strong></span> <span class='ocrx_word' id='word_1_28' title='bbox 573 937 719 1004; x_wconf 82' lang='lat' dir='ltr'><strong>vocalem</strong></span> <span class='ocrx_word' id='word_1_29' title='bbox 752 939 921 1026; x_wconf 80' lang='lat' dir='ltr'><strong>vulgatam</strong></span> <span class='ocrx_word' id='word_1_30' title='bbox 954 939 1055 1004; x_wconf 81' lang='lat' dir='ltr'><strong>fuisse</strong></span> <span class='ocrx_word' id='word_1_31' title='bbox 1087 937 1223 1004; x_wconf 83' lang='lat' dir='ltr'><strong>creden·</strong></span> <span class='ocrx_word' id='word_1_32' title='bbox 1298 999 1300 1002; x_wconf 84' lang='lat'>.</span> 
     </span>
     <span class='ocr_line' id='line_1_6' title="bbox 85 1039 260 1106; baseline -0.011 0"><span class='ocrx_word' id='word_1_33' title='bbox 85 1039 177 1106; x_wconf 90' lang='lat' dir='ltr'><strong>dum</strong></span> <span class='ocrx_word' id='word_1_34' title='bbox 200 1047 260 1104; x_wconf 83' lang='lat' dir='ltr'><strong>cst.</strong></span> 
     </span>
    </p>

    <p class='ocr_par' dir='ltr' id='par_1_3' title="bbox 158 1135 801 1222">
     <span class='ocr_line' id='line_1_7' title="bbox 158 1135 801 1222; baseline -0.002 -20"><span class='ocrx_word' id='word_1_35' title='bbox 158 1137 301 1203; x_wconf 90' lang='lat' dir='ltr'><strong>Brevem</strong></span> <span class='ocrx_word' id='word_1_36' title='bbox 322 1135 470 1202; x_wconf 82' lang='lat' dir='ltr'><strong>vocalem</strong></span> <span class='ocrx_word' id='word_1_37' title='bbox 490 1137 591 1222; x_wconf 82' lang='lat' dir='ltr'><strong>igitur</strong></span> <span class='ocrx_word' id='word_1_38' title='bbox 614 1145 801 1202; x_wconf 85' lang='lat' dir='ltr'><strong>servarunt:</strong></span> 
     </span>
    </p>

    <p class='ocr_par' dir='ltr' id='par_1_4' title="bbox 83 1227 1219 1517">
     <span class='ocr_line' id='line_1_8' title="bbox 157 1227 1215 1323; baseline 0.002 -23"><span class='ocrx_word' id='word_1_39' title='bbox 157 1241 223 1302; x_wconf 77' lang='lat' dir='ltr'><strong>Sol.</strong></span> <span class='ocrx_word' id='word_1_40' title='bbox 234 1241 262 1319; x_wconf 75' lang='lat'><strong>2,</strong></span> <span class='ocrx_word' id='word_1_41' title='bbox 275 1244 309 1304; x_wconf 74' lang='lat'><strong>52</strong></span> <span class='ocrx_word' id='word_1_42' title='bbox 325 1227 458 1316; x_wconf 76' lang='grc' dir='ltr'><em>ἴομεν,</em></span> <span class='ocrx_word' id='word_1_43' title='bbox 476 1234 564 1322; x_wconf 90' lang='lat' dir='ltr'><strong>quod</strong></span> <span class='ocrx_word' id='word_1_44' title='bbox 579 1237 770 1323; x_wconf 79' lang='lat' dir='ltr'><strong>saepissime</strong></span> <span class='ocrx_word' id='word_1_45' title='bbox 785 1234 873 1323; x_wconf 86' lang='lat' dir='ltr'><strong>apud</strong></span> <span class='ocrx_word' id='word_1_46' title='bbox 888 1234 1066 1302; x_wconf 85' lang='lat' dir='ltr'><strong>Homerum</strong></span> <span class='ocrx_word' id='word_1_47' title='bbox 1084 1236 1215 1323; x_wconf 78' lang='lat' dir='ltr'><strong>legitur,</strong></span> 
     </span>
     <span class='ocr_line' id='line_1_9' title="bbox 83 1328 1219 1424; baseline 0 -22"><span class='ocrx_word' id='word_1_48' title='bbox 83 1335 197 1424; x_wconf 87' lang='lat' dir='ltr'><strong>idque</strong></span> <span class='ocrx_word' id='word_1_49' title='bbox 220 1334 307 1401; x_wconf 89' lang='lat' dir='ltr'><strong>haud</strong></span> <span class='ocrx_word' id='word_1_50' title='bbox 328 1357 404 1400; x_wconf 82' lang='lat' dir='ltr'><strong>raro</strong></span> <span class='ocrx_word' id='word_1_51' title='bbox 426 1335 461 1400; x_wconf 91' lang='lat' dir='ltr'><strong>in</strong></span> <span class='ocrx_word' id='word_1_52' title='bbox 476 1335 590 1400; x_wconf 83' lang='lat' dir='ltr'><strong>cadem</strong></span> <span class='ocrx_word' id='word_1_53' title='bbox 604 1336 735 1423; x_wconf 83' lang='lat' dir='ltr'><strong>(prima)</strong></span> <span class='ocrx_word' id='word_1_54' title='bbox 756 1334 843 1401; x_wconf 78' lang='lat' dir='ltr'><strong>sede.</strong></span> <span class='ocrx_word' id='word_1_55' title='bbox 876 1341 925 1417; x_wconf 80' lang='lat'><strong>20,</strong></span> <span class='ocrx_word' id='word_1_56' title='bbox 947 1343 978 1402; x_wconf 91' lang='lat' dir='ltr'><strong>l:</strong></span> <span class='ocrx_word' id='word_1_57' title='bbox 1002 1328 1080 1400; x_wconf 82' lang='grc' dir='ltr'><strong>ἀλλ’</strong></span> <span class='ocrx_word' id='word_1_58' title='bbox 1105 1329 1141 1400; x_wconf 76' lang='grc' dir='ltr'><em>εἴ</em></span> <span class='ocrx_word' id='word_1_59' title='bbox 1156 1357 1219 1418; x_wconf 87' lang='grc' dir='ltr'><strong>μοι</strong></span> 
     </span>
     <span class='ocr_line' id='line_1_10' title="bbox 84 1426 715 1517; baseline 0.002 -18"><span class='ocrx_word' id='word_1_60' title='bbox 84 1427 159 1499; x_wconf 71' lang='grc' dir='ltr'><em>κᾶν</em></span> <span class='ocrx_word' id='word_1_61' title='bbox 183 1435 241 1498; x_wconf 81' lang='grc' dir='ltr'><strong>νῦν</strong></span> <span class='ocrx_word' id='word_1_62' title='bbox 261 1427 310 1498; x_wconf 72' lang='grc' dir='ltr'><strong>ἔτι</strong></span> <span class='ocrx_word' id='word_1_63' title='bbox 331 1426 472 1517; x_wconf 80' lang='grc' dir='ltr'><strong><em>πείσεαι,</em></strong></span> <span class='ocrx_word' id='word_1_64' title='bbox 495 1429 585 1514; x_wconf 73' lang='grc' dir='ltr'><em>ἐξελε</em></span> <span class='ocrx_word' id='word_1_65' title='bbox 607 1435 715 1500; x_wconf 80' lang='grc' dir='ltr'><em>τοῦτο.</em></span> 
     </span>
    </p>

    <p class='ocr_par' dir='ltr' id='par_1_5' title="bbox 155 1525 917 1622">
     <span class='ocr_line' id='line_1_11' title="bbox 155 1525 917 1622; baseline 0.003 -26"><span class='ocrx_word' id='word_1_66' title='bbox 155 1537 266 1600; x_wconf 75' lang='lat' dir='ltr'><strong>Mimo.</strong></span> <span class='ocrx_word' id='word_1_67' title='bbox 288 1539 317 1617; x_wconf 79' lang='lat'><strong>2,</strong></span> <span class='ocrx_word' id='word_1_68' title='bbox 339 1539 358 1601; x_wconf 89' lang='grc'>9</span> <span class='ocrx_word' id='word_1_69' title='bbox 380 1542 413 1598; x_wconf 87' lang='lat' dir='ltr'><strong>et</strong></span> <span class='ocrx_word' id='word_1_70' title='bbox 431 1537 460 1616; x_wconf 86' lang='lat'><strong>3,</strong></span> <span class='ocrx_word' id='word_1_71' title='bbox 485 1525 860 1621; x_wconf 58' lang='lat' dir='ltr'><strong>halocaustoma.</strong></span> <span class='ocrx_word' id='word_1_72' title='bbox 914 1616 917 1622; x_wconf 25' lang='lat'>¹</span> 
     </span>
    </p>

    <p class='ocr_par' dir='ltr' id='par_1_6' title="bbox 81 1623 1221 2613">
     <span class='ocr_line' id='line_1_12' title="bbox 160 1623 1221 1722; baseline 0.004 -28"><span class='ocrx_word' id='word_1_73' title='bbox 160 1638 292 1714; x_wconf 77' lang='grc' dir='ltr'><em>ΤΙιεομπ.</em></span> <span class='ocrx_word' id='word_1_74' title='bbox 317 1637 375 1699; x_wconf 84' lang='lat'><strong>199</strong></span> <span class='ocrx_word' id='word_1_75' title='bbox 389 1654 475 1720; x_wconf 83' lang='lat' dir='ltr'><strong>sqq.:</strong></span> <span class='ocrx_word' id='word_1_76' title='bbox 502 1623 531 1696; x_wconf 79' lang='grc' dir='ltr'><em>εὶ</em></span> <span class='ocrx_word' id='word_1_77' title='bbox 560 1623 595 1695; x_wconf 76' lang='grc' dir='ltr'><strong>δ’</strong></span> <span class='ocrx_word' id='word_1_78' title='bbox 620 1623 744 1708; x_wconf 79' lang='grc' dir='ltr'><strong><em>ἀδίκως</em></strong></span> <span class='ocrx_word' id='word_1_79' title='bbox 777 1629 869 1714; x_wconf 87' lang='grc' dir='ltr'><em>παρὰ</em></span> <span class='ocrx_word' id='word_1_80' title='bbox 903 1628 1021 1714; x_wconf 87' lang='grc' dir='ltr'><em>καιρὸν</em></span> <span class='ocrx_word' id='word_1_81' title='bbox 1049 1625 1127 1722; x_wconf 74' lang='grc' dir='ltr'><em>ἀνὴρ</em></span> <span class='ocrx_word' id='word_1_82' title='bbox 1161 1655 1221 1720; x_wconf 84' lang='grc' dir='ltr'><strong>φι-</strong></span> 
     </span>
     <span class='ocr_line' id='line_1_13' title="bbox 82 1724 1220 1820; baseline 0.003 -25"><span class='ocrx_word' id='word_1_83' title='bbox 82 1727 255 1812; x_wconf 76' lang='grc' dir='ltr'><em>λοκερδεῖ</em></span> <span class='ocrx_word' id='word_1_84' title='bbox 278 1732 378 1815; x_wconf 69' lang='grc' dir='ltr'><em>θυμῷ</em></span> <span class='ocrx_word' id='word_1_85' title='bbox 400 1731 412 1814; x_wconf 79' lang='lat' dir='ltr'><strong>l}</strong></span> <span class='ocrx_word' id='word_1_86' title='bbox 433 1724 696 1818; x_wconf 71' lang='grc' dir='ltr'><em>κεήοεταιΠ),</em></span> <span class='ocrx_word' id='word_1_87' title='bbox 734 1739 793 1800; x_wconf 82' lang='grc'><strong>513</strong></span> <span class='ocrx_word' id='word_1_88' title='bbox 809 1755 893 1820; x_wconf 81' lang='lat' dir='ltr'><strong>sqq.:</strong></span> <span class='ocrx_word' id='word_1_89' title='bbox 929 1725 1006 1818; x_wconf 81' lang='grc' dir='ltr'><em>νηός</em></span> <span class='ocrx_word' id='word_1_90' title='bbox 1030 1755 1085 1797; x_wconf 86' lang='grc' dir='ltr'><strong>τοι</strong></span> <span class='ocrx_word' id='word_1_91' title='bbox 1116 1731 1220 1798; x_wconf 84' lang='grc' dir='ltr'><em>πλευ-</em></span> 
     </span>
     <span class='ocr_line' id='line_1_14' title="bbox 81 1817 1218 1918; baseline 0.002 -24"><span class='ocrx_word' id='word_1_92' title='bbox 81 1833 192 1918; x_wconf 76' lang='grc' dir='ltr'><em>ρῇσιν</em></span> <span class='ocrx_word' id='word_1_93' title='bbox 222 1823 289 1894; x_wconf 79' lang='grc' dir='ltr'><strong>ὑπὸ</strong></span> <span class='ocrx_word' id='word_1_94' title='bbox 318 1826 398 1912; x_wconf 79' lang='grc' dir='ltr'>ζυγὰ</span> <span class='ocrx_word' id='word_1_95' title='bbox 435 1825 617 1918; x_wconf 76' lang='grc' dir='ltr'><em>θήσομεν</em></span> <span class='ocrx_word' id='word_1_96' title='bbox 649 1824 743 1918; x_wconf 79' lang='grc' dir='ltr'><em>ἡμεῖς</em></span> <span class='ocrx_word' id='word_1_97' title='bbox 774 1817 830 1895; x_wconf 86' lang='grc' dir='ltr'><strong>οἷα</strong></span> <span class='ocrx_word' id='word_1_98' title='bbox 863 1840 940 1914; x_wconf 84' lang='lat' dir='ltr'><strong>etc,</strong></span> <span class='ocrx_word' id='word_1_99' title='bbox 975 1827 1218 1914; x_wconf 76' lang='grc' dir='ltr'><em>παρέξομεν,</em></span> 
     </span>
     <span class='ocr_line' id='line_1_15' title="bbox 82 1921 1221 2016; baseline 0 -20"><span class='ocrx_word' id='word_1_100' title='bbox 82 1935 155 1998; x_wconf 84' lang='lat'><strong>706</strong></span> <span class='ocrx_word' id='word_1_101' title='bbox 166 1950 253 2016; x_wconf 79' lang='lat' dir='ltr'>sqq.:</span> <span class='ocrx_word' id='word_1_102' title='bbox 275 1922 377 2006; x_wconf 80' lang='grc' dir='ltr'><em>ἄλλος</em></span> <span class='ocrx_word' id='word_1_103' title='bbox 393 1921 426 1993; x_wconf 74' lang='grc' dir='ltr'><strong>δ’</strong></span> <span class='ocrx_word' id='word_1_104' title='bbox 445 1921 539 1994; x_wconf 73' lang='grc' dir='ltr'><em>οἷὲπω</em></span> <span class='ocrx_word' id='word_1_105' title='bbox 557 1951 609 2008; x_wconf 82' lang='grc' dir='ltr'><strong>τις</strong></span> <span class='ocrx_word' id='word_1_106' title='bbox 630 1933 728 1995; x_wconf 80' lang='grc' dir='ltr'><em>τοῦτο</em></span> <span class='ocrx_word' id='word_1_107' title='bbox 745 1922 776 2012; x_wconf 81' lang='lat' dir='ltr'><strong>y&#39;</strong></span> <span class='ocrx_word' id='word_1_108' title='bbox 795 1923 1024 2016; x_wconf 78' lang='grc' dir='ltr'><em>ἐπεφράσατο,</em></span> <span class='ocrx_word' id='word_1_109' title='bbox 1055 1925 1165 1997; x_wconf 79' lang='grc' dir='ltr'><em>ὅντινα</em></span> <span class='ocrx_word' id='word_1_110' title='bbox 1179 1969 1221 1980; x_wconf 91' lang='grc'><strong>-</strong></span> 
     </span>
     <span class='ocr_line' id='line_1_16' title="bbox 83 2020 1219 2118; baseline 0.003 -26"><span class='ocrx_word' id='word_1_111' title='bbox 83 2025 201 2116; x_wconf 82' lang='grc' dir='ltr'><em>νέφος</em></span> <span class='ocrx_word' id='word_1_112' title='bbox 217 2020 445 2118; x_wconf 70' lang='grc' dir='ltr'><em>ἀμφικαλύψῃ</em></span> <span class='ocrx_word' id='word_1_113' title='bbox 460 2031 472 2114; x_wconf 84' lang='grc' dir='ltr'><strong>ΙΙ</strong></span> <span class='ocrx_word' id='word_1_114' title='bbox 488 2067 525 2080; x_wconf 91' lang='lat'><em>-</em></span> <span class='ocrx_word' id='word_1_115' title='bbox 549 2025 689 2107; x_wconf 80' lang='grc' dir='ltr'><em>κυανέας</em></span> <span class='ocrx_word' id='word_1_116' title='bbox 709 2051 745 2092; x_wconf 81' lang='grc' dir='ltr'><em>τε</em></span> <span class='ocrx_word' id='word_1_117' title='bbox 765 2023 875 2106; x_wconf 80' lang='grc' dir='ltr'><em>πύλας</em></span> <span class='ocrx_word' id='word_1_118' title='bbox 895 2024 1219 2117; x_wconf 81' lang='grc' dir='ltr'><em>παραμείψεσαι.</em></span> 
     </span>
     <span class='ocr_line' id='line_1_17' title="bbox 82 2119 1219 2217; baseline -0.006 -18"><span class='ocrx_word' id='word_1_119' title='bbox 82 2135 171 2199; x_wconf 78' lang='lat'><strong>802:</strong></span> <span class='ocrx_word' id='word_1_120' title='bbox 210 2119 328 2205; x_wconf 76' lang='grc' dir='ltr'><em>Οὐδεὶς</em></span> <span class='ocrx_word' id='word_1_121' title='bbox 356 2120 551 2214; x_wconf 72' lang='grc' dir='ltr'><em>ἀνθρώπιον</em></span> <span class='ocrx_word' id='word_1_122' title='bbox 582 2120 653 2194; x_wconf 69' lang='grc' dir='ltr'><strong>οὔτ’</strong></span> <span class='ocrx_word' id='word_1_123' title='bbox 677 2121 809 2194; x_wconf 72' lang='grc' dir='ltr'><em>ἔσσεται</em></span> <span class='ocrx_word' id='word_1_124' title='bbox 831 2119 906 2193; x_wconf 63' lang='grc' dir='ltr'><em>οὔτε</em></span> <span class='ocrx_word' id='word_1_125' title='bbox 924 2124 1085 2217; x_wconf 82' lang='grc' dir='ltr'><em>πέφυκεν,</em></span> <span class='ocrx_word' id='word_1_126' title='bbox 1099 2132 1111 2210; x_wconf 79' lang='lat' dir='ltr'><strong>ll</strong></span> <span class='ocrx_word' id='word_1_127' title='bbox 1127 2122 1219 2206; x_wconf 78' lang='grc' dir='ltr'><em>ὅστις</em></span> 
     </span>
     <span class='ocr_line' id='line_1_18' title="bbox 81 2220 1218 2318; baseline 0 -27"><span class='ocrx_word' id='word_1_128' title='bbox 81 2230 201 2291; x_wconf 81' lang='grc' dir='ltr'><em>πᾶσιν</em></span> <span class='ocrx_word' id='word_1_129' title='bbox 222 2220 312 2291; x_wconf 78' lang='grc' dir='ltr'><em>ἁδὼν</em></span> <span class='ocrx_word' id='word_1_130' title='bbox 333 2225 496 2293; x_wconf 81' lang='grc' dir='ltr'><em>δύσεται</em></span> <span class='ocrx_word' id='word_1_131' title='bbox 519 2220 566 2305; x_wconf 80' lang='grc' dir='ltr'><em>εἰς</em></span> <span class='ocrx_word' id='word_1_132' title='bbox 584 2221 712 2296; x_wconf 79' lang='grc' dir='ltr'><em>Ἀΐδεω.</em></span> <span class='ocrx_word' id='word_1_133' title='bbox 752 2235 831 2298; x_wconf 84' lang='grc'>1055</span> <span class='ocrx_word' id='word_1_134' title='bbox 840 2252 887 2318; x_wconf 85' lang='lat' dir='ltr'><strong>sq.</strong></span> <span class='ocrx_word' id='word_1_135' title='bbox 908 2229 1044 2307; x_wconf 89' lang='lat' dir='ltr'><strong>(Mimu.)</strong></span> <span class='ocrx_word' id='word_1_136' title='bbox 1066 2220 1154 2292; x_wconf 79' lang='grc' dir='ltr'><em>ἀλλὰ</em></span> <span class='ocrx_word' id='word_1_137' title='bbox 1175 2267 1218 2280; x_wconf 94' lang='grc'>-</span> 
     </span>
     <span class='ocr_line' id='line_1_19' title="bbox 82 2319 1217 2413; baseline 0.001 -22"><span class='ocrx_word' id='word_1_138' title='bbox 82 2321 287 2407; x_wconf 71' lang='grc' dir='ltr'><em>ἐάσομεν,</em></span> <span class='ocrx_word' id='word_1_139' title='bbox 311 2319 466 2412; x_wconf 78' lang='grc' dir='ltr'><em>αὖεὰρ-</em></span> <span class='ocrx_word' id='word_1_140' title='bbox 484 2319 597 2412; x_wconf 70' lang='grc' dir='ltr'><em>αὔλει,</em></span> <span class='ocrx_word' id='word_1_141' title='bbox 619 2323 677 2392; x_wconf 84' lang='grc' dir='ltr'><strong>καὶ</strong></span> <span class='ocrx_word' id='word_1_142' title='bbox 696 2320 937 2413; x_wconf 72' lang='grc' dir='ltr'><em>μνησόμεθ’.</em></span> <span class='ocrx_word' id='word_1_143' title='bbox 967 2333 1063 2396; x_wconf 85' lang='lat'><strong>1133:</strong></span> <span class='ocrx_word' id='word_1_144' title='bbox 1086 2351 1217 2392; x_wconf 81' lang='grc' dir='ltr'><em>κατα-</em></span> 
     </span>
     <span class='ocr_line' id='line_1_20' title="bbox 83 2419 1216 2517; baseline 0.002 -27"><span class='ocrx_word' id='word_1_145' title='bbox 83 2419 313 2507; x_wconf 76' lang='grc' dir='ltr'><em>παύσομεν</em></span> <span class='ocrx_word' id='word_1_146' title='bbox 351 2431 404 2505; x_wconf 76' lang='grc' dir='ltr'><strong>(4ε</strong></span> <span class='ocrx_word' id='word_1_147' title='bbox 441 2423 616 2513; x_wconf 69' lang='grc' dir='ltr'><em>ζητοῖμεν).</em></span> <span class='ocrx_word' id='word_1_148' title='bbox 674 2433 753 2495; x_wconf 82' lang='grc'>1307</span> <span class='ocrx_word' id='word_1_149' title='bbox 790 2431 882 2514; x_wconf 88' lang='lat' dir='ltr'><strong>(mp):</strong></span> <span class='ocrx_word' id='word_1_150' title='bbox 919 2421 1050 2517; x_wconf 82' lang='grc' dir='ltr'><em>μήποτε</em></span> <span class='ocrx_word' id='word_1_151' title='bbox 1084 2424 1141 2492; x_wconf 84' lang='grc' dir='ltr'><strong>καὶ</strong></span> <span class='ocrx_word' id='word_1_152' title='bbox 1177 2425 1216 2492; x_wconf 80' lang='grc' dir='ltr'><strong>σὺ</strong></span> 
     </span>
     <span class='ocr_line' id='line_1_21' title="bbox 82 2519 336 2613; baseline -0.008 -23"><span class='ocrx_word' id='word_1_153' title='bbox 82 2519 283 2613; x_wconf 80' lang='grc' dir='ltr'><em>βιήσεοι.</em></span> <span class='ocrx_word' id='word_1_154' title='bbox 296 2527 336 2606; x_wconf 80' lang='lat'><strong>¹⁸)</strong></span> 
     </span>
    </p>
   </div>
   <div class='ocr_carea' id='block_1_3' title="bbox 606 2748 710 2827">
    <p class='ocr_par' dir='ltr' id='par_1_7' title="bbox 606 2748 710 2827">
     <span class='ocr_line' id='line_1_22' title="bbox 606 2748 710 2827; baseline 0.019 -16"><span class='ocrx_word' id='word_1_155' title='bbox 606 2748 636 2827; x_wconf 65' lang='grc' dir='ltr'><strong>β.</strong></span> <span class='ocrx_word' id='word_1_156' title='bbox 663 2751 710 2815; x_wconf 84' lang='grc'><strong>18.</strong></span> 
     </span>
    </p>
   </div>
   <div class='ocr_carea' id='block_1_4' title="bbox 473 2909 840 2998">
    <p class='ocr_par' dir='ltr' id='par_1_8' title="bbox 473 2909 840 2998">
     <span class='ocr_line' id='line_1_23' title="bbox 473 2909 840 2998; baseline 0.005 -25"><span class='ocrx_word' id='word_1_157' title='bbox 473 2909 532 2974; x_wconf 88' lang='lat' dir='ltr'><strong>Dc</strong></span> <span class='ocrx_word' id='word_1_158' title='bbox 553 2909 690 2976; x_wconf 83' lang='lat' dir='ltr'><strong>verbis</strong></span> <span class='ocrx_word' id='word_1_159' title='bbox 712 2911 840 2998; x_wconf 78' lang='lat' dir='ltr'><strong>puris.</strong></span> 
     </span>
    </p>
   </div>
   <div class='ocr_carea' id='block_1_5' title="bbox 83 3089 1216 3377">
    <p class='ocr_par' dir='ltr' id='par_1_9' title="bbox 83 3089 1216 3377">
     <span class='ocr_line' id='line_1_24' title="bbox 158 3089 1216 3180; baseline -0.001 -23"><span class='ocrx_word' id='word_1_160' title='bbox 158 3096 189 3168; x_wconf 86' lang='grc'><strong>1)</strong></span> <span class='ocrx_word' id='word_1_161' title='bbox 214 3089 324 3155; x_wconf 85' lang='lat' dir='ltr'><strong>Verba</strong></span> <span class='ocrx_word' id='word_1_162' title='bbox 346 3091 380 3156; x_wconf 91' lang='lat' dir='ltr'><strong>in</strong></span> <span class='ocrx_word' id='word_1_163' title='bbox 402 3111 446 3153; x_wconf 88' lang='grc' dir='ltr'><em>εω</em></span> <span class='ocrx_word' id='word_1_164' title='bbox 462 3092 624 3174; x_wconf 87' lang='lat' dir='ltr'><strong>exeuntia,</strong></span> <span class='ocrx_word' id='word_1_165' title='bbox 649 3115 733 3180; x_wconf 88' lang='lat' dir='ltr'><strong>quae</strong></span> <span class='ocrx_word' id='word_1_166' title='bbox 752 3102 787 3157; x_wconf 89' lang='lat' dir='ltr'><strong>ut</strong></span> <span class='ocrx_word' id='word_1_167' title='bbox 806 3101 914 3157; x_wconf 88' lang='lat' dir='ltr'><strong>cetera</strong></span> <span class='ocrx_word' id='word_1_168' title='bbox 929 3113 1014 3177; x_wconf 85' lang='lat' dir='ltr'><strong>pura</strong></span> <span class='ocrx_word' id='word_1_169' title='bbox 1028 3112 1216 3173; x_wconf 82' lang='lat' dir='ltr'><strong>consonam,</strong></span> 
     </span>
     <span class='ocr_line' id='line_1_25' title="bbox 85 3189 1215 3282; baseline -0.004 -22"><span class='ocrx_word' id='word_1_170' title='bbox 85 3193 288 3282; x_wconf 82' lang='lat' dir='ltr'><strong>plerumque</strong></span> <span class='ocrx_word' id='word_1_171' title='bbox 305 3191 339 3278; x_wconf 90' lang='lat' dir='ltr'><strong>j,</strong></span> <span class='ocrx_word' id='word_1_172' title='bbox 369 3199 443 3276; x_wconf 83' lang='lat' dir='ltr'><strong>post</strong></span> <span class='ocrx_word' id='word_1_173' title='bbox 463 3190 610 3256; x_wconf 86' lang='lat' dir='ltr'><strong>vocalem</strong></span> <span class='ocrx_word' id='word_1_174' title='bbox 630 3189 839 3258; x_wconf 82' lang='lat' dir='ltr'><strong>thematicam</strong></span> <span class='ocrx_word' id='word_1_175' title='bbox 861 3191 1054 3273; x_wconf 81' lang='lat' dir='ltr'><strong>amiserunt,</strong></span> <span class='ocrx_word' id='word_1_176' title='bbox 1086 3211 1215 3276; x_wconf 85' lang='lat' dir='ltr'><strong>semper</strong></span> 
     </span>
     <span class='ocr_line' id='line_1_26' title="bbox 83 3287 1215 3377; baseline -0.004 -19"><span class='ocrx_word' id='word_1_177' title='bbox 83 3293 162 3358; x_wconf 86' lang='lat' dir='ltr'><strong>fere</strong></span> <span class='ocrx_word' id='word_1_178' title='bbox 186 3287 276 3374; x_wconf 89' lang='lat' dir='ltr'><strong>apud</strong></span> <span class='ocrx_word' id='word_1_179' title='bbox 295 3287 514 3371; x_wconf 87' lang='lat' dir='ltr'><strong>Herodotum,</strong></span> <span class='ocrx_word' id='word_1_180' title='bbox 536 3288 788 3376; x_wconf 86' lang='lat' dir='ltr'><strong>Hippocratem,</strong></span> <span class='ocrx_word' id='word_1_181' title='bbox 817 3299 941 3356; x_wconf 79' lang='lat' dir='ltr'><strong>ceteros</strong></span> <span class='ocrx_word' id='word_1_182' title='bbox 962 3287 1123 3377; x_wconf 84' lang='lat' dir='ltr'><strong>pedestris</strong></span> <span class='ocrx_word' id='word_1_183' title='bbox 1144 3310 1215 3354; x_wconf 90' lang='lat' dir='ltr'><strong>ora-</strong></span> 
     </span>
    </p>
   </div>
   <div class='ocr_carea' id='block_1_6' title="bbox 84 3457 305 3470">
    <p class='ocr_par' dir='ltr' id='par_1_10' title="bbox 84 3457 305 3470">
     <span class='ocr_line' id='line_1_27' title="bbox 84 3457 305 3470; baseline -0.009 0"><span class='ocrx_word' id='word_1_184' title='bbox 84 3457 305 3470; x_wconf 66' lang='lat' dir='ltr'><strong>-nnu——u-n</strong></span> 
     </span>
    </p>
   </div>
   <div class='ocr_carea' id='block_1_7' title="bbox 83 3549 1213 4046">
    <p class='ocr_par' dir='ltr' id='par_1_11' title="bbox 83 3549 1213 3878">
     <span class='ocr_line' id='line_1_28' title="bbox 143 3549 1213 3624; baseline -0.002 -16"><span class='ocrx_word' id='word_1_185' title='bbox 143 3555 188 3621; x_wconf 73' lang='lat'><strong>17)</strong></span> <span class='ocrx_word' id='word_1_186' title='bbox 213 3550 258 3606; x_wconf 87' lang='lat' dir='ltr'><strong>Dc</strong></span> <span class='ocrx_word' id='word_1_187' title='bbox 275 3549 370 3607; x_wconf 84' lang='lat' dir='ltr'><strong>futuro</strong></span> <span class='ocrx_word' id='word_1_188' title='bbox 392 3551 509 3624; x_wconf 82' lang='lat' dir='ltr'><strong>cogitari</strong></span> <span class='ocrx_word' id='word_1_189' title='bbox 527 3569 585 3608; x_wconf 89' lang='lat' dir='ltr'><strong>non</strong></span> <span class='ocrx_word' id='word_1_190' title='bbox 604 3569 687 3624; x_wconf 78' lang='lat' dir='ltr'><strong>pocae</strong></span> <span class='ocrx_word' id='word_1_191' title='bbox 703 3557 779 3608; x_wconf 79' lang='lat' dir='ltr'><strong>totus</strong></span> <span class='ocrx_word' id='word_1_192' title='bbox 796 3552 944 3608; x_wconf 87' lang='lat' dir='ltr'><strong>verborum</strong></span> <span class='ocrx_word' id='word_1_193' title='bbox 961 3569 1082 3608; x_wconf 72' lang='lat' dir='ltr'><strong>conexus</strong></span> <span class='ocrx_word' id='word_1_194' title='bbox 1098 3551 1213 3622; x_wconf 85' lang='lat' dir='ltr'><strong>indicat,</strong></span> 
     </span>
     <span class='ocr_line' id='line_1_29' title="bbox 83 3635 1213 3710; baseline -0.002 -16"><span class='ocrx_word' id='word_1_195' title='bbox 83 3638 123 3694; x_wconf 86' lang='lat' dir='ltr'><strong>cf.</strong></span> <span class='ocrx_word' id='word_1_196' title='bbox 146 3636 234 3692; x_wconf 71' lang='lat' dir='ltr'><strong>etiam</strong></span> <span class='ocrx_word' id='word_1_197' title='bbox 252 3651 324 3707; x_wconf 88' lang='lat' dir='ltr'><strong>quae</strong></span> <span class='ocrx_word' id='word_1_198' title='bbox 341 3635 510 3691; x_wconf 81' lang='lat' dir='ltr'><strong>antecedunt</strong></span> <span class='ocrx_word' id='word_1_199' title='bbox 528 3651 567 3691; x_wconf 85' lang='lat' dir='ltr'><strong>va.</strong></span> <span class='ocrx_word' id='word_1_200' title='bbox 590 3641 636 3692; x_wconf 81' lang='lat'><strong>197</strong></span> <span class='ocrx_word' id='word_1_201' title='bbox 648 3653 707 3709; x_wconf 85' lang='lat' dir='ltr'><strong>aqq.</strong></span> <span class='ocrx_word' id='word_1_202' title='bbox 726 3667 761 3678; x_wconf 94' lang='lat'><em>-</em></span> <span class='ocrx_word' id='word_1_203' title='bbox 779 3640 805 3691; x_wconf 76' lang='grc' dir='ltr'><strong>εἰ</strong></span> <span class='ocrx_word' id='word_1_204' title='bbox 822 3637 960 3710; x_wconf 80' lang='lat' dir='ltr'><strong>particula</strong></span> <span class='ocrx_word' id='word_1_205' title='bbox 977 3641 1071 3694; x_wconf 87' lang='lat' dir='ltr'><strong>autem</strong></span> <span class='ocrx_word' id='word_1_206' title='bbox 1088 3640 1120 3690; x_wconf 89' lang='lat' dir='ltr'><strong>ut</strong></span> <span class='ocrx_word' id='word_1_207' title='bbox 1136 3635 1213 3708; x_wconf 86' lang='lat' dir='ltr'><strong>apud</strong></span> 
     </span>
     <span class='ocr_line' id='line_1_30' title="bbox 84 3719 1211 3796; baseline -0.005 -16"><span class='ocrx_word' id='word_1_208' title='bbox 84 3721 187 3796; x_wconf 76' lang='lat' dir='ltr'><strong>epicos</strong></span> <span class='ocrx_word' id='word_1_209' title='bbox 210 3724 239 3774; x_wconf 87' lang='lat' dir='ltr'><strong>ot</strong></span> <span class='ocrx_word' id='word_1_210' title='bbox 261 3719 331 3776; x_wconf 79' lang='lat' dir='ltr'><strong>alios</strong></span> <span class='ocrx_word' id='word_1_211' title='bbox 353 3719 454 3790; x_wconf 81' lang='lat' dir='ltr'><strong>lyricos</strong></span> <span class='ocrx_word' id='word_1_212' title='bbox 480 3723 508 3774; x_wconf 92' lang='lat' dir='ltr'><strong>et</strong></span> <span class='ocrx_word' id='word_1_213' title='bbox 530 3720 651 3792; x_wconf 80' lang='lat' dir='ltr'><strong>tragicos</strong></span> <span class='ocrx_word' id='word_1_214' title='bbox 675 3721 752 3776; x_wconf 87' lang='lat' dir='ltr'><strong>haud</strong></span> <span class='ocrx_word' id='word_1_215' title='bbox 774 3737 836 3776; x_wconf 84' lang='lat' dir='ltr'><strong>raro</strong></span> <span class='ocrx_word' id='word_1_216' title='bbox 859 3737 922 3776; x_wconf 89' lang='lat' dir='ltr'><strong>cum</strong></span> <span class='ocrx_word' id='word_1_217' title='bbox 944 3720 1120 3776; x_wconf 88' lang='lat' dir='ltr'><strong>coniunctivo</strong></span> <span class='ocrx_word' id='word_1_218' title='bbox 1146 3736 1211 3776; x_wconf 91' lang='lat' dir='ltr'><strong>con·</strong></span> 
     </span>
     <span class='ocr_line' id='line_1_31' title="bbox 84 3802 1091 3878; baseline -0.002 -16"><span class='ocrx_word' id='word_1_219' title='bbox 84 3807 191 3862; x_wconf 76' lang='lat' dir='ltr'><strong>iuncta</strong></span> <span class='ocrx_word' id='word_1_220' title='bbox 208 3808 259 3872; x_wconf 75' lang='lat' dir='ltr'><strong>cst,</strong></span> <span class='ocrx_word' id='word_1_221' title='bbox 276 3803 311 3860; x_wconf 76' lang='lat' dir='ltr'><strong>cf.</strong></span> <span class='ocrx_word' id='word_1_222' title='bbox 330 3802 387 3860; x_wconf 75' lang='lat' dir='ltr'><strong>nol.</strong></span> <span class='ocrx_word' id='word_1_223' title='bbox 408 3807 447 3873; x_wconf 84' lang='lat'><strong>13,</strong></span> <span class='ocrx_word' id='word_1_224' title='bbox 465 3806 512 3874; x_wconf 69' lang='grc' dir='ltr'><em>νο,</em></span> <span class='ocrx_word' id='word_1_225' title='bbox 528 3807 554 3874; x_wconf 79' lang='lat'><strong>4,</strong></span> <span class='ocrx_word' id='word_1_226' title='bbox 572 3808 614 3860; x_wconf 83' lang='grc' dir='ltr'><strong>οο.</strong></span> <span class='ocrx_word' id='word_1_227' title='bbox 634 3803 703 3860; x_wconf 77' lang='lat' dir='ltr'><strong>cm.</strong></span> <span class='ocrx_word' id='word_1_228' title='bbox 724 3810 747 3875; x_wconf 82' lang='grc' dir='ltr'><strong>ι,</strong></span> <span class='ocrx_word' id='word_1_229' title='bbox 768 3809 807 3862; x_wconf 81' lang='lat'><strong>13.</strong></span> <span class='ocrx_word' id='word_1_230' title='bbox 826 3804 954 3878; x_wconf 74' lang='lat' dir='ltr'><strong>Theogn.</strong></span> <span class='ocrx_word' id='word_1_231' title='bbox 971 3808 1017 3860; x_wconf 80' lang='grc' dir='ltr'><em>ενι</em></span> <span class='ocrx_word' id='word_1_232' title='bbox 1038 3809 1091 3860; x_wconf 77' lang='lat' dir='ltr'><strong>etc.</strong></span> 
     </span>
    </p>

    <p class='ocr_par' dir='ltr' id='par_1_12' title="bbox 87 3885 1213 4046">
     <span class='ocr_line' id='line_1_32' title="bbox 143 3885 1212 3966; baseline 0 -24"><span class='ocrx_word' id='word_1_233' title='bbox 143 3889 188 3958; x_wconf 80' lang='lat'><strong>18)</strong></span> <span class='ocrx_word' id='word_1_234' title='bbox 208 3886 335 3960; x_wconf 84' lang='lat' dir='ltr'><strong>Theogn.</strong></span> <span class='ocrx_word' id='word_1_235' title='bbox 355 3891 404 3943; x_wconf 80' lang='grc'><strong>749</strong></span> <span class='ocrx_word' id='word_1_236' title='bbox 416 3903 475 3958; x_wconf 77' lang='lat' dir='ltr'>sqq.</span> <span class='ocrx_word' id='word_1_237' title='bbox 494 3885 605 3943; x_wconf 79' lang='grc' dir='ltr'><em>ὁππότ’</em></span> <span class='ocrx_word' id='word_1_238' title='bbox 625 3886 696 3960; x_wconf 74' lang='grc' dir='ltr'><em>ἀνήρ</em></span> <span class='ocrx_word' id='word_1_239' title='bbox 708 3890 763 3964; x_wconf 76' lang='lat' dir='ltr'><strong>-l</strong></span> <span class='ocrx_word' id='word_1_240' title='bbox 790 3894 836 3945; x_wconf 80' lang='lat'><strong>51:</strong></span> <span class='ocrx_word' id='word_1_241' title='bbox 856 3889 983 3966; x_wconf 73' lang='grc' dir='ltr'><strong>ὑβρίζῃ-,</strong></span> <span class='ocrx_word' id='word_1_242' title='bbox 1002 3891 1029 3943; x_wconf 79' lang='grc' dir='ltr'><strong>οἱ</strong></span> <span class='ocrx_word' id='word_1_243' title='bbox 1047 3889 1079 3943; x_wconf 76' lang='grc' dir='ltr'><strong>δὲ</strong></span> <span class='ocrx_word' id='word_1_244' title='bbox 1097 3888 1212 3959; x_wconf 71' lang='grc' dir='ltr'><em>δίνοιοιη</em></span> 
     </span>
     <span class='ocr_line' id='line_1_33' title="bbox 87 3969 1213 4046; baseline 0 -16"><span class='ocrx_word' id='word_1_245' title='bbox 87 3970 246 4046; x_wconf 74' lang='grc' dir='ltr'><em>τρύχονται</em></span> <span class='ocrx_word' id='word_1_246' title='bbox 263 3987 333 4028; x_wconf 85' lang='lat' dir='ltr'><strong>neve</strong></span> <span class='ocrx_word' id='word_1_247' title='bbox 352 3969 502 4042; x_wconf 77' lang='grc' dir='ltr'><em>τρύχονται</em></span> <span class='ocrx_word' id='word_1_248' title='bbox 520 3971 725 4028; x_wconf 77' lang='lat' dir='ltr'><strong>coniunctium</strong></span> <span class='ocrx_word' id='word_1_249' title='bbox 737 3979 828 4045; x_wconf 82' lang='lat' dir='ltr'><strong>putea,</strong></span> <span class='ocrx_word' id='word_1_250' title='bbox 844 3990 914 4029; x_wconf 83' lang='lat' dir='ltr'><strong>neve</strong></span> <span class='ocrx_word' id='word_1_251' title='bbox 928 3989 990 4028; x_wconf 90' lang='lat' dir='ltr'><strong>cum</strong></span> <span class='ocrx_word' id='word_1_252' title='bbox 1002 3972 1131 4030; x_wconf 81' lang='lat' dir='ltr'><strong>Bckkero</strong></span> <span class='ocrx_word' id='word_1_253' title='bbox 1148 3974 1213 4030; x_wconf 82' lang='lat' dir='ltr'><strong>scri·</strong></span> 
     </span>
    </p>
   </div>
   <div class='ocr_carea' id='block_1_8' title="bbox 86 4052 1213 4210">
    <p class='ocr_par' dir='ltr' id='par_1_13' title="bbox 86 4052 1213 4210">
     <span class='ocr_line' id='line_1_34' title="bbox 86 4052 1213 4130; baseline 0.002 -19"><span class='ocrx_word' id='word_1_254' title='bbox 86 4057 143 4113; x_wconf 77' lang='lat' dir='ltr'><strong>bae</strong></span> <span class='ocrx_word' id='word_1_255' title='bbox 162 4055 330 4126; x_wconf 76' lang='grc' dir='ltr'><em>ιρὺχωνται.</em></span> <span class='ocrx_word' id='word_1_256' title='bbox 366 4052 526 4110; x_wconf 88' lang='lat' dir='ltr'><strong>Orationem</strong></span> <span class='ocrx_word' id='word_1_257' title='bbox 549 4055 689 4128; x_wconf 86' lang='lat' dir='ltr'><strong>obliquam</strong></span> <span class='ocrx_word' id='word_1_258' title='bbox 713 4062 790 4113; x_wconf 86' lang='lat' dir='ltr'><strong>recta</strong></span> <span class='ocrx_word' id='word_1_259' title='bbox 807 4058 957 4130; x_wconf 86' lang='lat' dir='ltr'><strong>permutari</strong></span> <span class='ocrx_word' id='word_1_260' title='bbox 979 4057 1051 4115; x_wconf 87' lang='lat' dir='ltr'><strong>benc</strong></span> <span class='ocrx_word' id='word_1_261' title='bbox 1076 4057 1213 4114; x_wconf 84' lang='lat' dir='ltr'><strong>intellexit</strong></span> 
     </span>
     <span class='ocr_line' id='line_1_35' title="bbox 86 4135 556 4210; baseline 0 -16"><span class='ocrx_word' id='word_1_262' title='bbox 86 4139 197 4210; x_wconf 73' lang='lat' dir='ltr'>Bergk</span> <span class='ocrx_word' id='word_1_263' title='bbox 231 4135 556 4209; x_wconf 73' lang='lat' dir='ltr'><strong>Mus.nnen.111,41u</strong></span> 
     </span>
    </p>
   </div>
   <div class='ocr_carea' id='block_1_9' title="bbox 0 0 1522 4964">
    <p class='ocr_par' dir='ltr' id='par_1_14' title="bbox 0 0 1522 4964">
     <span class='ocr_line' id='line_1_36' title="bbox 0 0 1522 4964; baseline 0 0"><span class='ocrx_word' id='word_1_264' title='bbox 0 0 1522 4964; x_wconf 95' lang='lat' dir='ltr'><strong> </strong></span> 
     </span>
    </p>
   </div>
  </div>
 </body>
</html>
