3056 4968
477 441 480 450 “
606 445 664 509 113

137 612 339 704 ἀγχιβαθεῖν
359 657 400 672 -
421 613 624 706 ἀγχιβατεῖνε
647 623 687 690 of.
704 623 848 711 Hesych
863 649 887 689 s
902 648 932 689 v.
954 615 1188 708 ,ἆγγιβαθεῖν

67 713 172 802 ἐγγὺς
193 715 404 806 βιβηκέναιμ

138 811 331 896 α’καθος-
353 811 486 898 ἆάυτοςι
507 823 546 888 cf.
569 821 677 910 Etym
698 845 804 909 magn.
826 815 1191 904 54.5r„1(atltpaxoc

66 909 262 995 tnvoogff
223 915 338 984 ειπών
358 915 546 1009 μεταλήψει
569 923 728 1000 στοιχείου
749 915 930 1008 ἐχρήσατο“
952 945 980 989 κ
1001 945 1027 990 τ.
1051 920 1080 988 λ.

139 1008 335 1104 ἄνηθον-
357 1011 489 1106 ἅνητονι
512 1021 551 1090 cf
574 1021 683 1108 Steph.
704 1020 784 1086 thes.
808 1045 832 1088 s.
852 1031 988 1109 utraque
1009 1043 1098 1088 voce.

140 1107 308 1191 ααῧτς-
267 1109 429 1195 -αὖτις,
471 1120 545 1186 Ηοα
565 1119 759 1186 vocabulum
786 1120 875 1186 haud
900 1121 998 1187 dubie
1023 1119 1065 1185 ab
1092 1111 1192 1194 αὐτός

68 1216 296 1284 derivandum
318 1227 376 1285 est

138 1309 269 1399 θαῤῥιά
290 1352 331 1364 -
350 1311 468 1398 ταρσιά
490 1317 542 1381 vel
561 1312 696 1400 τρασιάε
719 1321 759 1384 cf.
771 1318 914 1404 Hesych.
931 1341 954 1384 s.
966 1341 996 1383 v.
1019 1312 1190 1402 ,,5αρριά·

65 1407 221 1496 τοασιάα
244 1425 275 1480 et
289 1413 400 1502 Etym.
415 1415 507 1482 Leid.
524 1439 576 1503 ap.
593 1417 729 1503 Gregor.
746 1418 820 1484 Cor.
837 1417 885 1483 ed.
900 1416 1055 1483 Schaefer
1070 1439 1103 1504 p.
1118 1424 1186 1485 514.

138 1508 276 1578 -θύοκιο
297 1551 340 1570 -.
359 1508 498 1580 -τύοκωι
521 1517 559 1581 cf.
575 1517 718 1605 Hesych.
741 1541 765 1583 s.
783 1539 836 1584 vv.
858 1511 1058 1594 ,,ἔνθύοκει·
1081 1512 1192 1599 ἐντυγ-

64 1609 190 1694 χάνει,
224 1608 391 1692 σονθύξω·
423 1610 625 1703 οαναντὴσιο,
663 1609 887 1682 ἀποθύσκειν·
923 1609 1192 1701 ἀποτυγχάνειν“

67 1723 104 1782 et
134 1714 348 1780 Homericum
373 1709 623 1796 ττ·τύοκ-ομαι,
656 1717 744 1805 quod
769 1741 810 1784 ex
838 1717 950 1784 radice
978 1740 1037 1780 τοκ
1058 1715 1111 1782 vel
1131 1739 1187 1795 τυχ

68 1815 130 1893 (of.
158 1813 265 1879 Curtii
287 1811 324 1878 el.
347 1835 420 1899 pag.
446 1817 515 1892 198)
538 1814 750 1880 derivandum
770 1827 826 1883 est.

140 1907 259 1998 Ληθώ
281 1949 323 1960 -
344 1907 464 1998 Λητώε
487 1914 526 1979 cf.
550 1937 649 2000 supra
670 1935 745 2002 pag.
769 1921 817 1983 68.

144 2007 324 2076 massera»
347 2049 381 2058 -
406 2006 591 2077 οτατεύεινε
620 2013 659 2078 of.
683 2013 796 2078 Thom.
824 2013 911 2100 Mag.
940 2037 971 2102 p.
993 2019 1061 2082 330.
1087 2021 1124 2081 15
1144 2014 1193 2078 ed.

68 2110 223 2195 Ritschl,
254 2109 370 2176 Morid.
392 2133 423 2198 p.
447 2117 501 2178 341
514 2161 522 2193 ,
549 2110 681 2180 Aristot.
703 2111 779 2178 Met.
801 2121 829 2180 4.
852 2119 879 2180 2.
902 2118 931 2196 3,
953 2111 1095 2200 Hesych.
1118 2135 1141 2176 s.
1164 2133 1194 2176 v.

70 2206 271 2291 ,,σταταύει·
293 2205 459 2273 aetnae

149 2303 256 2396 ἔλφος
284 2347 323 2358 -
351 2303 469 2384 ilaec:
502 2309 541 2374 cf.
572 2307 715 2395 Hesych.
747 2335 770 2376 s.
800 2335 830 2376 v.
859 2305 1007 2392 ‚.ilrpoc·
1038 2306 1196 2395 βούτυρον
1266 2362 1268 2368 ,
1361 2311 1366 2318 ’

72 2407 256 2494 Κύπριοτῑ(
277 2420 310 2474 et
331 2433 354 2474 s.
375 2432 405 2475 v.
429 2401 573 2486 ,,ἒ’λπος·
596 2401 720 2484 ἔλαιον,
745 2405 854 2495 στέαρ,
879 2401 1056 2498 εὐθηνία.“

147 2501 538 2593 ἐφίορκος-ἒπίοοκοςε
561 2507 600 2571 cl.
622 2507 743 2595 Phryn.
767 2533 841 2597 pag.
859 2515 919 2578 308
941 2509 991 2578 ed.
1010 2510 1144 2576 Lobeclr
1166 2521 1197 2578 et

78 2611 229 2690 Ahrens,
252 2607 292 2672 de
314 2607 389 2674 dial.
410 2607 490 2672 Dor.
512 2629 587 2693 pag.
608 2611 655 2676 83.

148 2700 326 2793 tricorpor
356 2745 398 2756 -
426 2699 619 2791 λείπητρονι
645 2707 683 2772 cf.
711 2707 854 2795 Hesych.
883 2711 906 2772 i.
928 2731 959 2773 v.
988 2701 1197 2792 ,,λτι’φητρα·

75 2801 267 2892 λείψανα.“

147 2898 297 2992 ῥάφανος
318 2941 359 2952 ·-
380 2899 543 2988 praerog·
566 2908 603 2970 cf.
624 2929 730 2994 supra
753 2927 827 2992 pag.
852 2911 899 2974 75.

147 2998 261 3090 ῥαφίς·
284 2996 399 3086 ῥαπίςε
422 3005 460 3070 ef.
482 3005 625 3091 Hesyoh.
649 3027 672 3070 s
693 3029 723 3070 v.
747 2998 889 3088 „Quale
911 2999 1044 3088 ῥάβδος,
1068 2998 1196 3090 κρηπίς,

75 3103 145 3188 arip
131 3129 199 3192 μα]
221 3097 386 3188 γογγυλίς,
412 3096 499 3166 οἶδὲ
521 3097 738 3189 λαμψᾶνηνβ
762 3126 786 3168 s.
808 3125 839 3168 v.
860 3098 1041 3217 „puniero
1073 3097 1200 3188 inuol-

75 3227 186 3291 ματα,
209 3197 388 3285 περόναι,“
411 3225 482 3268 s..v
496 3195 639 3286 ,ῥαφίς
660 3196 829 3288 ὑπόδημα,
857 3173 993 3290 περόνη,
1013 3225 1069 3266 και
1084 3223 1201 3286 αγριον

75 3331 110 3372 τι
135 3297 280 3382 λαχανοτ
299 3299 532 3388 λαμψανῶδες.
554 3297 610 3364 καὶ
631 3325 650 3388 η
638 3294 826 3387 ‘rordorf‘

147 3398 286 3466 Ῥιπαῖα
310 3392 422 3466 scil.'‘
403 3423 463 3483 ορη
486 3400 574 3488 apud
598 3401 772 3488 scriptores
788 3401 922 3466 Latinos
945 3401 1201 3488 (cipraesertim

77 3501 256 3584 Ribbeck,
289 3499 382 3588 proll.
413 3499 456 3566 ad
481 3499 603 3585 Vergil.
626 3523 701 3587 pag.
725 3507 797 3579 425)
835 3512 902 3568 tam
931 3510 1115 3566 constanter
1143 3499 1202 3564 Ri-

80 3603 189 3694 phaei
216 3610 340 3665 montes
372 3599 597 3688 appellantur,
630 3611 665 3664 ut
691 3600 766 3664 inde
798 3600 1052 3666 concludendum
1075 3601 1203 3664 sitiam

83 3700 181 3792 apud
225 3697 369 3765 Graecos
403 3701 542 3765 formam
576 3702 755 3786 aspiratam
789 3697 828 3762 τὰ
858 3694 994 3782 Ῥιφαῖα
1031 3700 1204 3763 exstitisse.

81 3803 231 3869 Prorsus
260 3797 407 3863 similiter
434 3797 500 3862 iam
528 3797 744 3863 Schneiderus
772 3801 807 3864 in
833 3820 969 3886 gramm.
993 3798 1065 3862 Lat.
1092 3797 1116 3862 I.
1140 3803 1200 3865 204

87 3899 266 3990 perspexit
285 3896 375 3984 apud
390 3895 534 3962 Graecos
557 3903 741 3982 genetivum
764 3899 915 3964 vocabuli
936 3891 1083 3982 γρόψαῒ
1071 3899 1150 3960 tiam
1171 3898 1204 3958 in

87 3993 178 4084 -φός
201 3997 337 4080 exiisse,
366 3997 442 4084 quia
464 3994 551 4082 apud
574 3997 749 4084 scriptores
773 3998 847 4064 Lat
824 4009 909 4064 tmoe
930 3998 1000 4064 fere
1020 4004 1205 4062 constanter

86 4107 149 4168 aut
170 4119 284 4184 grypo,
307 4094 445 4182 gryphis
468 4104 523 4158 aut
544 4096 701 4184 gryphus,
724 4098 845 4185 gryphi
866 4097 1037 4250 legeretpr.

143 4218 184 4260 αι
190 4217 265 4258 inu
271 4215 332 4270 ‚sse
333 4215 393 4258 nea
408 4211 429 4256 a.
819 4252 843 4270 ,
