3148 4958
642 445 696 508 ⁴¹19

108 624 195 692 Nam
223 623 331 691 initis
354 621 503 692 ultimam
526 623 678 695 thematis
703 624 849 691 vocalem
872 625 965 690 metri
986 631 1111 691 tannim
1134 647 1233 695 cause

110 725 308 811 productam
331 739 411 807 esse,
433 745 550 812 perum
569 725 733 790 credibile
751 734 819 790 est.
862 723 928 790 Sed
959 725 987 788 si
1012 725 1176 812 adjectiva
1197 737 1234 791 ιιι

109 827 285 892 Marna-to
306 832 340 888 et
360 821 514 904 Καδμιιο
547 827 677 908 statiis,
697 837 791 911 'quae
804 845 852 888 .ιο
881 822 990 904 suffixi
1011 845 1073 912 ope
1095 824 1234 892 formate

110 937 195 1007 sunt,
217 925 376 988 feminina
397 945 508 989 eorum
524 945 575 1004 ex,
592 917 988 1008 Hieratidwvanalogia
1010 918 1180 988 Μιουαιὶδ
1201 935 1235 988 et

108 1016 285 1104 Καδμιιίδ
317 1033 400 1105 sunt,
422 1044 560 1110 quorum
589 1045 609 1088 α
637 1023 733 1088 vebs
761 1022 863 1089 altero
899 1043 912 1084 t
946 1021 1024 1088 eliso
1037 1024 1072 1086 in
1098 1045 1117 1108 η
1147 1033 1233 1088 tren·

109 1125 173 1190 siit.
204 1155 246 1168 --
273 1122 311 1186 In
338 1122 452 1188 formis
481 1133 588 1188 autem
615 1133 651 1188 ut
670 1114 870 1206 Ὢιιεανηιίς
899 1122 1017 1185 acted
1054 1122 1126 1188 fem.
1160 1145 1232 1207 gen.

109 1222 269 1312 indicium
303 1221 419 1286 ultima
440 1221 592 1286 thematis
613 1221 739 1286 vocalis
760 1243 782 1284 ο
803 1223 871 1284 sive
893 1215 923 1282 α’
936 1231 1100 1286 servatum
1123 1232 1172 1286 est
1198 1233 1234 1287 ιιι

108 1323 143 1386 in
160 1314 377 1396 Ῥοιτειάδος
404 1319 455 1396 (cf.
494 1325 562 1398 51);
597 1341 615 1405 η
661 1341 739 1385 vero
767 1323 801 1384 in
830 1320 892 1384 hoc
923 1317 1082 1386 vocabulo
1117 1320 1233 1386 Ionum

110 1441 202 1486 more
225 1442 287 1507 pro
315 1439 333 1482 e
360 1421 523 1487 invenitur
545 1419 596 1494 (cf.
620 1425 681 1498 36.)

192 1523 225 1601 ὅ.
247 1526 296 1586 5δ.
338 1519 414 1584 Duo
437 1529 569 1584 exstent
592 1521 834 1606 patronymica,
864 1541 947 1606 quae
975 1541 993 1583 e
1021 1519 1172 1586 thematis
1199 1521 1233 1584 in

119 1641 131 1682 ι
162 1618 317 1684 derivata
341 1629 441 1684 suntz.
459 1614 632 1703 Λητωίς
660 1618 740 1685 call.
772 1619 803 1685 h.
826 1618 923 1683 Dian.
951 1625 1007 1701 tt,
1036 1618 1097 1704 Ap.
1126 1617 1234 1701 ΒΜ

116 1722 185 1800 940,
210 1717 276 1784 Ov.
296 1717 395 1784 Anth.
417 1719 522 1784 Nonn.
555 1708 629 1800 etei,
661 1727 791 1804 praeter
820 1715 906 1805 quod
934 1719 1133 1789 nominativo
1155 1741 1234 1785 casu

113 1811 315 1903 Λητωιδς
337 1817 416 1884 Oall.
439 1818 470 1884 h.
491 1818 590 1882 Dian.
606 1822 671 1900 te,
699 1817 789 1904 opp.
812 1839 885 1904 cyn.
913 1827 944 1899 ι,
976 1823 1033 1884 109
1060 1819 1232 1903 invenitur,

114 1927 145 1980 et
165 1922 261 1982 ncne
282 1915 347 1982 Ov.
368 1927 442 1982 met
463 1925 491 1998 6,
518 1926 593 1991 114;
613 1918 648 1980 in
670 1916 785 2003 quibus
810 1939 881 1982 cum
904 1917 1144 2002 primitivorum
1163 1917 1230 1982 the·

114 2027 204 2084 mate
226 2017 371 2100 Ληιοδι
397 2026 431 2080 οι
447 2017 565 2100 Δηοδι
587 2018 651 2080 sint
672 2016 727 2087 (cf.
748 2020 779 2097 ξ.
804 2021 863 2095 16),
893 2013 1130 2102 osuppletoria
1159 2039 1233 2102 pro-

115 2115 269 2182 ductione
292 2127 426 2202 propter
454 2116 611 2200 digammi
638 2115 804 2180 elisionem
832 2115 867 2180 in
894 2133 928 2175 ω.
957 2113 1150 2198 productum
1171 2129 1228 2183 est.

113 2215 272 2284 Dubitari
300 2225 423 2301 potest,
452 2223 560 2280 utrum
586 2217 621 2278 in
647 2207 786 2297 Λητωίς
820 2223 853 2277 et
878 2205 991 2297 Δηιοίς
1026 2235 1038 2276 ι
1075 2215 1233 2301 primitivi

114 2314 249 2379 themati
273 2336 316 2378 en
337 2315 556 2380 terminationi
575 2313 782 2378 tribuendum
805 2314 856 2378 sit.
898 2313 963 2377 Sed
975 2317 1128 2399 quonism
1150 2316 1231 2380 haec

114 2414 344 2500 patronymica
365 2423 434 2480 tum
456 2412 583 2478 demum
603 2413 823 2495 inveniuntur,
846 2433 919 2478 cum
934 2413 1101 2498 primitiva
1121 2435 1231 2481 eorum

115 2513 147 2575 in
173 2533 186 2573 ι
222 2509 363 2576 desiisse
391 2514 457 2599 jam
488 2514 634 2597 ignotum
661 2522 747 2593 erat,
777 2511 827 2575 ea*
844 2509 951 2597 potiits
978 2509 1021 2574 ad
1048 2513 1231 2600 exemplum

117 2621 163 2676 ιοι
191 2610 431 2698 adjectivorum
460 2613 495 2676 in
527 2608 562 2673 ιδ
581 2611 735 2676 ·ιοιίιιιιο
767 2631 838 2676 esse
869 2609 1031 2674 videntur.
1075 2612 1231 2678 Fortasse

117 2721 191 2776 sunt
219 2710 376 2776 feminina
403 2711 551 2794 Ληιῴος
587 2711 708 2793 Δηῴος
745 2707 981 2795 adjectivorum
1008 2731 1052 2774 ex
1080 2709 1233 2798 analogio

116 2831 238 2893 eorum,
257 2808 299 2874 de
321 2809 447 2894 quibus.
460 2809 555 2874 modo
570 2807 791 2874 disseruimus.
812 2845 853 2859 -—
874 2808 1044 2874 Accedunt
1065 2809 1147 2874 haee
1167 2809 1231 2876 duo

115 2909 290 2996 adjectiva,
313 2930 396 2993 qnae
419 2929 454 2971 ια
479 2906 591 2972 suffixi
607 2929 669 2994 cpe
684 2907 833 2972 derivata
845 2917 920 2972 sunt
938 2899 1231 2985 ἈδωοιιέςΝοιιιι.

116 3013 164 3091 33,
186 3014 227 3076 25
257 3017 290 3073 et
307 3012 440 3072 Etesiae
469 3009 501 3084 (i.
522 3029 550 3072 e.
576 3005 696 3086 Medea
722 3029 746 3070 a
762 3006 905 3084 Phaside
926 3005 1025 3072 fluvio
1054 3009 1232 3094 appellate)

115 3107 419 3189 cataractus,
442 3105 640 3190 inquibus,
672 3127 743 3170 cum
772 3127 790 3169 e
815 3106 965 3182 thematis
991 3107 1025 3169 in
1056 3127 1071 3167 ι
1097 3143 1139 3154 -
1158 3126 1231 3172 nam

115 3203 134 3267 δ
164 3207 200 3270 in
231 3199 383 3281 Φάσιδος
399 3198 604 3279 falcaturas·
629 3205 789 3290 genetivis
803 3203 1025 3290 ·perasiticum
1058 3225 1231 3271 essevcon·

117 3311 183 3370 stet
202 3339 246 3354 ·-
267 3303 367 3370 ducta
388 3305 462 3387 sint,
476 3303 623 3384 ¹aiterum
651 3325 664 3366 ι
693 3303 804 3368 elisum
827 3311 885 3367 est.

175 3408 206 3486 ἓ.
224 3410 290 3472 ot..
308 3403 401 3484 Ques
422 3405 653 3490 patroaymica·
667 3403 720 3468 vel
738 3401 867 3469 omnino
889 3402 1053 3489 adjectiva
1067 3404 1146 3470 dem.
1160 3427 1232 3492 gen.

117 3525 134 3567 s
154 3503 308 3570 thematis
330 3505 364 3568 in
384 3511 616 3575 consonantem
637 3491 798 3590 aliquan?
806 3500 1028 3576 desinentibus
1044 3503 1233 3574 seeundum

114 3623 262 3666 normam
289 3601 377 3667 facte
403 3611 492 3684 sunt,
521 3601 556 3664 in
583 3603 629 3665 eis
659 3599 693 3663 ιδ
724 3600 776 3665 vel
804 3598 858 3664 ιαδ
892 3603 1135 3666 terminationes
1170 3603 1234 3688 pri-

115 3705 228 3766 mitivo
257 3701 392 3766 themati
419 3699 507 3764 nullo
539 3693 603 3764 alio
634 3721 712 3764 sono
740 3700 960 3768 intercedente
982 3700 1130 3804 adjectae
1151 3713 1253 3777 sunta

116 3798 190 3880 Qua
200 3801 328 3866 rationo
349 3821 367 3864 e
388 3797 581 3864 thematis
604 3801 644 3864 in
666 3821 686 3860 κ
707 3799 788 3877 haec
809 3789 971 3889 adjectiva
985 3789 1233 3886 derivatasuntr
1272 3831 1279 3840 ·

120 3891 307 3992 Ψαιηκ-ζδα
329 3894 429 3990 aanor
454 3895 519 3984 ΑΡ,
540 3889 652 3964 ΒΙι.”δ
679 3878 764 3992 76δ,ἱ
781 3904 915 3978 Acrae-,ir
940 3903 1144 3978 Hippodamia
1171 3893 1233 3967 Ov.

116 3995 183 4078 her.
208 4002 257 4081 17,
271 4005 402 4082 24&-
417 3995 711 4067 Ethematisin
730 4021 758 4062 ιι
772 3998 862 4064 haec
882 3998 1140 4074 derivatamnt:
1162 4003 1236 4063 Ke-

115 4090 289 4184 ιιροιι-ίς
312 4099 346 4176 (i.
368 4087 618 4178 ο.”Αγλαιρος)
646 4096 709 4163 Ov.
733 4106 809 4164 met.
830 4103 865 4181 2,
888 4102 963 4180 8063
992 4095 1079 4184 quod
1104 4101 1235 4187 saepius

1009 4217 1027 4269 4
