3056 4968
496 427 498 434 ’
591 429 651 490 177

516 499 725 524 ι--ι-μ--1-

73 627 159 691 quem
192 603 299 670 locum
332 604 565 670 Lachmannus
605 605 748 671 breviter
782 607 862 672 haee
895 607 1042 672 adnotat:
1081 611 1175 670 serior

73 704 172 789 prima
193 725 290 768 manu
312 704 480 790 oblongus,
503 705 591 794 quod
614 706 731 770 falsum
755 717 811 796 est.
849 706 915 771 Sed
937 716 1045 771 tamen
1066 705 1175 770 multis

73 804 102 864 in
122 800 198 866 locis
219 800 347 868 eodIces
376 805 570 892 scripturam
592 809 687 867 serias
717 805 889 892 praebent,
919 809 1012 870 varia
1027 805 1178 874 ‚lectione

72 921 130 964 non
150 900 325 990 adscripta,
348 904 387 970 es.
403 925 430 968 e.
445 925 476 988 g.
493 903 621 972 Terent.
638 903 739 969 Andr.
758 911 785 986 3,
802 910 831 986 2,
847 911 885 970 21
902 912 975 980 (5117
991 903 1174 979 Fleckeiai.

72 997 238 1065 Praeterea
258 1013 364 1067 autern
388 1002 600 1068 reconditiori
624 1023 751 1090 quoque
779 1003 902 1068 formae
924 1008 1032 1066 sertim
1059 1004 1093 1066 in
1114 1002 1175 1066 hoc

71 1097 170 1164 Plauti
191 1121 289 1166 versu
310 1101 524 1181 (Menaechmi
545 1110 581 1180 5,
604 1108 638 1184 7,
661 1108 728 1180 57>=
762 1105 874 1183 „Haec
895 1105 988 1163 nitito
1018 1123 1080 1164 erse
1107 1105 1177 1168 miti
1189 1119 1190 1124 ¹

70 1201 200 1261 uideatur
227 1204 341 1264 semius-
368 1222 455 1282 quom
483 1200 628 1262 somnia“
659 1199 767 1263 fidem¹
788 1201 867 1264 facit
895 1199 1053 1264 Varronis
1086 1198 1174 1286 apud

71 1293 203 1364 Gellium
223 1300 274 1375 (N.
295 1300 334 1364 A.
356 1299 479 1382 XVIII,
502 1305 531 1382 9,
555 1307 586 1377 4)
607 1299 761 1364 traditum
781 1301 1009 1365 testimonium.

124 1397 192 1462 Iam
215 1400 398 1486 quaeritur,
430 1421 492 1487 quo
519 1397 614 1464 modo
637 1398 808 1486 explanari
836 1402 960 1486 possint
988 1419 1061 1480 eae,
1094 1419 1174 1483 quas

71 1499 260 1580 enumeravi,
282 1496 432 1562 formae?
969 1509 970 1514 ’

115 1595 207 1662 'Ante
230 1599 339 1662 omnia
360 1597 440 1664 mihi
464 1593 779 1661 commemorandum
802 1607 865 1679 est,
894 1597 1112 1662 illasformas
1134 1595 1175 1659 ab

70 1694 221 1762 adverbio
243 1717 325 1759 accae
349 1697 497 1782 separari
518 1695 612 1778 ⁴nullo
636 1694 732 1760 modo
756 1717 868 1782 posse,
900 1695 986 1781 quod
1012 1717 1084 1760 eum
1107 1717 1174 1759 sae-

69 1794 196 1877 pissime
217 1795 252 1858 in
274 1815 372 1859 manu
388 1795 520 1882 seriptis
540 1793 611 1858 loeo
633 1795 811 1859 formarum
828 1800 920 1868 retius
940 1796 993 1860 vel
1007 1800 1101 1858 serias
1123 1793 1175 1858 vel

68 1897 169 1956 sectius
190 1893 386 1977 inveniatur,
408 1904 477 1958 tum
500 1902 635 1980 propter
651 1893 788 1958 formam
806 1905 838 1958 et
852 1897 1016 1960 notionem
1032 1895 1075 1958 ad
1091 1915 1174 1959 oom-

68 1992 247 2076 parandum
268 2015 328 2080 per
351 2015 385 2058 se
406 1993 440 2057 in
462 2001 602 2058 mentem
624 1992 755 2056 ineidat.

122 2091 237 2178 Itaque
276 2114 347 2156 eam
385 2093 577 2156 sententiam
612 2112 709 2176 quam
743 2091 976 2156 Fleckeisenus
1014 2092 1172 2177 exposuit,

69 2186 243 2254 (ioresenus
269 2190 344 2276 plus
368 2190 466 2257 semel
496 2190 613 2278 (symb.
641 2193 710 2257 erit.
733 2215 765 2278 p.
788 2198 868 2278 8sq.
893 2191 1048 2256 additam.
1070 2213 1100 2277 p.
1123 2195 1174 2265 47)

66 2288 274 2376 impugnavit,
298 2289 539 2354 sustentandam
554 2313 631 2355 esse
653 2300 740 2377 puto.

124 2388 154 2453 A
176 2389 291 2474 stirpe·
302 2413 349 2451 aee
371 2388 530 2454 adverbia
550 2413 634 2452 secus
649 2399 680 2454 et
694 2391 817 2454 *secitur
831 2389 980 2455 derivata
992 2397 1076 2454 sunt.
1120 2389 1173 2452 Ex

66 2485 122 2551 hoc
143 2497 308 2574 postremo
325 2489 566 2575 comparativus
584 2494 722 2554 ''seritior
745 2489 1019 2572 conformabatur,
1041 2490 1098 2575 qui
1118 2510 1172 2552 vo-

67 2585 125 2651 cali
155 2593 167 2650 i
199 2587 280 2652 elisa
312 2595 418 2650 sectius
451 2588 574 2654 factuni
608 2601 664 2654 est.
717 2589 814 2670 Quod
846 2589 1027 2655 Oorssenus
1060 2597 1174 2652 contra

68 2695 187 2751 monet:
221 2688 283 2752 etsi
318 2687 457 2752 fortasse
492 2707 512 2751 a
545 2688 719 2752 verborum
756 2688 921 2752 radicibus
956 2687 1113 2752 adverbia
1141 2689 1174 2750 in

68 2787 134 2846 itas
155 2788 249 2852 nasci
273 2787 403 2872 possint
406 2835 414 2869 ,
443 2783 530 2851 nullo
551 2796 661 2852 tamen
690 2787 785 2852 modo
809 2788 923 2852 horum
945 2783 1172 2851 adverbiorum

67 2887 233 2950 exstitisse
250 2886 506 2972 comparativos,
536 2885 571 2948 id
591 2907 657 2950 non
679 2886 720 2950 ab
745 2887 831 2950 omni
854 2895 947 2972 parte
969 2893 1092 2950 rectum
1115 2896 1173 2950 est.

67 2980 232 3050 Habemus
267 2985 353 3048 enim
384 2983 472 3070 apud
504 2983 634 3049 Celsum
665 2983 790 3050 duobus
821 2986 854 3048 in
884 2985 964 3050 Iocis
991 2984 1043 3066 (V,
1066 2991 1115 3065 26,
1139 2991 1174 3058 7;

67 3085 111 3163 28,
138 3091 185 3161 11)
207 3085 466 3170 comparativum
483 3085 624 3161 penitius.

125 3181 232 3261 Quam
254 3199 332 3247 vero
351 3181 538 3271 explicandi
559 3183 716 3246 rationem
737 3183 809 3267 ipse
824 3183 874 3245 vir
891 3181 929 3246 el.
948 3183 1134 3268 proposuit:
1156 3201 1173 3246 e

67 3275 232 3344 Sanacrita
246 3281 357 3346 radice
367 3275 452 3362 saap‘
464 3280 641 3346 adhaerere
652 3280 804 3345 Latinam
820 3283 952 3366 stirpem
964 3301 1040 3361 caup
1054 3280 1106 3345 vel
1118 3303 1173 3360 sap

65 3388 269 3462 procreatam
278 3379 387 3463 firisse,
399 3403 441 3445 ex
451 3403 489 3445 ea
500 3382 707 3467 participium
717 3393 796 3461 septo
809 3390 840 3444 et
851 3403 892 3444 ex
901 3381 962 3443 hoe
973 3380 1077 3444 denuo
1090 3401 1172 3444 com-
1253 3403 1255 3408 ¹

66 3480 248 3560 parativam
262 3479 445 3562 formatum,
459 3481 553 3544 itaut
567 3481 734 3566 primitiva
748 3482 836 3544 notio
851 3481 977 3564 „magis
993 3478 1173 3542 adhaerens

65 3575 114 3639 vel
130 3576 257 3660 lentius,
274 3577 421 3642 tardius“
435 3588 534 3662 esset,
553 3602 591 3644 ea
607 3581 747 3666 primum
761 3589 895 3666 propter
910 3587 1015 3645 artum
1033 3578 1173 3642 notionis

66 3675 235 3759 vinculum,
258 3677 344 3764 quod
364 3677 564 3742 intercedere
583 3680 669 3743 inter
687 3683 795 3741 sectius
818 3688 850 3744 et
870 3701 952 3741 secur
975 3682 1074 3762 supra
1089 3698 1173 3741 eom-

66 3778 322 3859 memoravimus,
336 3798 400 3842 non
412 3776 597 3840 verisimilis
611 3788 668 3858 est,
684 3799 788 3864 neque
798 3777 833 3841 in
844 3786 967 3841 ceteros
979 3776 1067 3840 Ioeos
1081 3797 1173 3861 prae-

66 3882 112 3936 ter
127 3883 193 3940 tres
207 3871 281 3940 illos
297 3897 317 3940 a
332 3875 492 3943 Corsseno
513 3875 627 3940 allatos
641 3876 779 3963 quadrat
799 3876 914 3958 (Plaut.
929 3874 1006 3940 Oist.
1018 3875 1074 3956 IV,
1089 3881 1117 3955 2,
1134 3879 1173 3939 24
1224 3951 1235 3961 „
1316 3828 1318 3836 Ι

68 3969 153 4036 dieo:
187 3977 246 4037 cod
265 3987 366 4038 memet
385 3996 498 4050 moror,
521 3997 584 4036 eum
606 3980 659 4037 boc
680 3997 735 4055 opo
755 3980 845 4038 setius
867 3984 898 4038 et
920 3974 1000 4038 Tab.
1021 3972 1174 4046 Genuam

66 4069 158 4137 Mora
169 4095 234 4138 non
244 4073 311 4156 fiat,
323 4095 385 4158 quo
401 4076 492 4140 aetius
503 4093 574 4137 eam
586 4076 760 4160 pequniam
770 4075 943 4161 accipiant,
953 4072 1091 4159 denique
1102 4072 1174 4136 Lex

116 4193 250 4247 OnrtIur,
265 4181 366 4236 Studien.
381 4190 401 4234 2.
937 4175 968 4226 12
