3056 4968
572 439 630 500 157

112 615 283 682 Corssenue
315 615 444 705 quidem
479 615 537 696 (dc
564 617 730 704 pronunt²
758 639 790 704 p.
816 616 896 697 250)
933 623 1161 680 commemorat

62 716 146 780 etiam
170 716 418 803 praepositionis
448 720 480 778 in
501 715 631 782 finalem
652 715 794 782 litteram
820 716 957 780 eiectam
986 735 1057 780 esse
1083 722 1158 778 ante

61 815 268 899 semivocales,
292 808 487 903 qlramquam
506 814 691 901 exemplum
710 837 814 902 neque
835 815 906 901 ipse
928 811 1031 893 affert,
1055 833 1159 899 neque

61 937 112 1000 ego
137 916 260 999 inveni3
293 935 369 980 nam
400 919 499 978 insuta
527 937 587 1001 pro
609 918 731 978 inventa
761 916 794 978 in
827 913 877 978 ed.
899 911 1005 978 Dioel.
1040 909 1159 975 nullius

60 1016 198 1079 momenti
222 1005 289 1090 est,
317 1013 404 1102 quod
436 1023 468 1079 et
488 1015 668 1100 posteriore
695 1021 858 1100 tempore,
888 1017 1062 1078 anno301.
1085 1019 1161 1096 post

61 1109 128 1178 Chr.
154 1137 184 1179 n.
214 1125 262 1178 est
283 1114 441 1200 scriptum
475 1123 506 1178 et
536 1113 703 1200 permultis
737 1111 901 1178 scribendi
933 1111 1023 1178 vitiis
1055 1110 1159 1196 inqui-

62 1219 170 1277 natum.

115 1309 205 1390 Quod
221 1317 347 1396 spectat
369 1309 411 1374 ad
425 1312 700 1398 praepositionem
721 1333 776 1373 eon
800 1316 909 1388 antej
930 1305 1160 1374 Lachmannus

61 1406 97 1472 ad
114 1408 243 1474 Lucret.
264 1407 306 1491 Π,
332 1415 406 1478 1061
434 1416 478 1495 (p.
504 1415 575 1488 136)
601 1407 731 1496 collegit

17 1565 18 1570 κ
114 1527 251 1602 relicere,
283 1523 508 1589 confirmatum
538 1546 611 1588 cum
639 1525 833 1590 testimoniis
861 1523 1159 1609 grammaticorum,

61 1630 118 1685 tum
140 1623 322 1688 veterrimis
345 1621 521 1707 codicibus,
543 1645 602 1710 pro
625 1627 786 1703 conticere,
807 1610 901 1708 quod=
914 1624 1021 1708 ipsum
1042 1623 1076 1686 in
1091 1623 1161 1708 qui·

61 1718 187 1786 busdam
210 1722 292 1788 locis
311 1724 488 1805 inuenitur3

114 1841 261 1900 coiectura
282 1837 316 1902 in
337 1837 555 1903 vetustissimo
570 1836 745 1902 Frontonis
762 1843 805 1924 (p.
822 1840 894 1914 290)
915 1857 1014 1900 manu
1031 1837 1160 1921 scripto.

60 1932 179 2025 Deinde
200 1937 235 2001 in
258 1935 481 2024 sepulcrorum
500 1933 766 2021 inscriptionibus
788 1935 943 2000 hahemus

116 2054 212 2132 coium,
234 2056 332 2133 coiuqi
353 2074 413 2139 pro
436 2057 552 2130 coniux,
575 2055 701 2132 roninqi.

114 2164 200 2231 Hinc
221 2165 316 2232 facile
337 2165 445 2252 colligi
469 2175 584 2252 potest,
607 2166 768 2253 quomodo
793 2166 913 2230 factum
937 2168 979 2232 sit

115 2285 229 2360 canati,
265 2281 351 2368 quod
377 2279 525 2347 Klotnius
551 2280 656 2357 (Iahni
685 2280 803 2347 annall.
832 2279 894 2345 XL
922 2284 1023 2361 [1844]
1052 2304 1082 2368 p.
1115 2287 1163 2359 18)

62 2387 139 2443 reete
159 2402 202 2444 ex
224 2384 374 2444 coniuncti
393 2389 540 2445 exortum
571 2381 671 2446 fuisse
699 2390 817 2446 censet.
861 2380 977 2445 Eieota
999 2381 1084 2445 enim
1106 2401 1161 2444 na—

63 2476 116 2541 sali
136 2487 249 2560 antej
271 2481 378 2544 extitit
405 2479 486 2544 haee
511 2480 630 2545 forma:
662 2485 799 2546 seiuncti.
841 2479 961 2545 Postea
988 2499 1164 2544 consonam

57 2583 73 2653 j
92 2577 173 2644 inter
192 2577 274 2643 duas
296 2577 425 2644 vocales
447 2580 588 2664 positam
616 2581 717 2647 omitti
739 2581 884 2666 potuisse
906 2578 1058 2644 docemur
1080 2597 1164 2644 eom·

21 2697 24 2706 ’
55 2678 179 2760 'paratis
198 2677 311 2743 verbis
333 2681 402 2759 ttqa
423 2699 483 2765 pro
505 2683 639 2763 *biiuym
662 2683 810 2761 quadrien
832 2699 893 2765 pro
915 2677 1122 2759 *quadriiupm

116 2791 222 2872 Quam
238 2795 396 2858 rationem
412 2795 509 2858 etiam
525 2792 705 2859 Corssenus
721 2793 887 2870 (additam.
902 2793 971 2858 orit.
988 2816 1020 2880 p.
1033 2797 1092 2860 297
1105 2799 1166 2880 sq.)

62 2884 206 2957 defendit
239 2889 304 2957 Sed
320 2891 551 2958 Fleckeisenus
572 2892 665 2970 (titul.
680 2891 719 2958 L.
740 2915 772 2979 p.
792 2897 842 2970 14)
865 2891 955 2956 illam
974 2892 1166 2958 sententiam

61 2986 274 3076 impugnavit,
295 2991 413 3079 quiex
434 2991 586 3078 analogia
607 2992 698 3056 vocis
722 2993 829 3052 bucina
851 3013 893 3055 ex
914 2992 1071 3054 *lavicina
1093 3012 1165 3055 eon·
1279 3026 1284 3052 ι

61 3091 193 3154 tractum
228 3111 298 3155 esse
330 3091 529 3155 existimavit
561 3094 660 3158 conati
691 3111 733 3154 ex
764 3089 922 3152 *revincti
952 3089 1003 3167 (of.
1034 3088 1165 3154 Curtius

62 3183 145 3252 elem.
176 3197 275 3276 etym.
304 3212 336 3275 p.
357 3194 425 3259 638.
455 3195 543 3267 not).
591 3187 761 3254 Elementa
793 3187 923 3275 quidem
956 3210 1071 3254 revera
1101 3209 1166 3251 non

61 3281 200 3369 obstant,
225 3286 282 3351 sed
305 3297 439 3375 propter
461 3289 728 3374 significationem
752 3285 901 3355 assentiri
923 3309 1061 3374 nequeo,
1090 3307 1165 3372 quo·

61 3383 142 3448 niam
163 3383 328 3450 vinciendi
342 3386 435 3452 verbi
455 3389 506 3452 vis
529 3410 568 3452 ao
582 3398 728 3474 potestas
747 3395 796 3451 est
811 3409 927 3473 parum
942 3385 1048 3450 affinis
1063 3383 1165 3448 uerbo

59 3483 155 3545 heneti
174 3485 213 3551 ef.
231 3483 304 3551 Cio.
326 3485 420 3552 Fam.
439 3493 486 3568 10,
502 3492 555 3552 21:
579 3506 599 3551 a
619 3495 734 3556 cuncto
757 3486 895 3573 populo3
917 3485 962 3550 id.
982 3481 1064 3549 Phil.
1087 3489 1115 3566 2,
1132 3488 1166 3550 9:

61 3580 92 3643 in
112 3589 204 3647 tanta
224 3583 355 3672 laetitia¹
374 3594 510 3651 cunctae
540 3586 690 3650 civitatis.
733 3583 807 3650 Huc
837 3585 962 3650 aceedit
990 3581 1167 3670 quodiam

61 3677 174 3746 Festus
191 3685 234 3768 (p.
250 3687 341 3766 50‚l5
356 3681 480 3763 Muell.)
496 3695 618 3750 rectam
634 3683 885 3772 explicationem
900 3685 1017 3749 suasit:
1037 3685 1169 3766 „Geumi

63 3778 219 3863 significat
240 3779 371 3866 quidem
393 3805 513 3865 omnes,
539 3784 596 3848 sed
618 3788 768 3847 coniuncti
789 3793 820 3848 et
842 3783 1052 3870 congregati“
1072 3792 1167 3870 atque

62 3875 191 3943 Servius
214 3879 256 3944 ad
277 3879 360 3946 Aen.
381 3881 407 3964 I,
430 3888 503 3950 522:
537 3885 668 3966 „Oenea
699 3906 764 3948 non
785 3882 872 3948 idem
898 3884 1059 3968 significat
1081 3882 1168 3968 quod

62 3997 163 4044 omnes.
207 3979 322 4045 Cicero
354 4003 452 4068 saepe
473 3981 520 4048 ait
546 3983 653 4046 cuncti
681 3990 779 4069 atque
800 4004 927 4046 omnes:
958 3983 1035 4069 quia
1054 4003 1166 4046 omnes

61 4095 121 4139 non
142 4078 250 4140 statim
274 4088 348 4142 sunt
370 4085 476 4160 cuncti,
498 4084 557 4142 nisi
578 4085 663 4142 iidem
684 4085 770 4143 sirnul
791 4085 851 4143 siut
872 4081 994 4146 iuncti.“
