3056 4968
866 415 924 476 194

340 619 449 661 corum
482 604 634 682 poemata
667 591 750 659 falso
782 591 957 659 intulerint.
1006 593 1096 674 Quos
1135 594 1204 658 sive
1235 613 1362 657 errores
1388 593 1454 656 sive

341 695 472 760 fraudes
494 695 522 758 si
537 716 768 781 nonuunquam
791 693 914 757 detexit
927 715 1134 758 numerorum
1153 692 1357 779 depravatio,
1378 691 1454 778 quid

341 794 472 859 tandem
494 793 603 858 obstat
624 793 796 879 quominus
819 791 891 856 aliis
913 814 1040 879 quoque
1061 791 1096 854 in
1116 790 1216 874 locis,
1245 791 1303 856 ubi
1323 813 1341 856 e
1362 794 1453 856 metri

343 895 468 958 ratione
489 893 641 956 vitiosam
663 893 858 978 scripturam
881 891 1040 976 indagare
1067 911 1133 954 uon
1160 890 1274 972 liceat,
1310 891 1455 954 similiter

341 989 494 1056 librarios
517 1013 672 1078 peccasse
695 989 919 1077 suspicemur?
964 989 1139 1069 Quaeritur
1165 991 1280 1076 igitur,
1314 993 1456 1076 possitne

343 1113 407 1160 una
436 1089 595 1177 quaedam
624 1111 726 1176 eaque
754 1098 905 1154 constans
929 1089 1120 1173 investigari
1150 1111 1265 1154 norma
1290 1087 1333 1152 ad
1362 1113 1457 1176 quam

343 1190 489 1255 codicum
505 1189 695 1252 memoriam
708 1209 898 1256 revocemus
912 1197 944 1252 et
954 1186 1171 1268 emendemus,
1190 1188 1335 1251 virorum
1351 1187 1456 1251 docto-

343 1311 414 1352 rum
438 1289 639 1353 coniecturas
662 1287 899 1370 examinemus3
929 1286 997 1368 vel,
1025 1287 1053 1350 si
1080 1285 1115 1350 id
1142 1286 1225 1351 forte
1246 1309 1364 1372 parum
1390 1309 1457 1350 con-

343 1389 473 1474 tigerit,
506 1388 611 1450 sintne
642 1396 731 1452 certa
756 1409 872 1452 vocum
899 1384 941 1450 ab
968 1385 1078 1450 Attica
1110 1383 1247 1451 dialecto
1277 1384 1458 1450 alienarum

346 1509 427 1570 quas
460 1495 576 1572 poetae
606 1485 725 1570 tragici
761 1506 921 1572 usurpare
950 1483 1095 1559 soleant,
1127 1505 1250 1570 genera
1282 1483 1459 1572 firmaeque

346 1607 482 1650 caussae
511 1583 628 1672 quibus
661 1583 710 1648 illi
741 1585 893 1664 commoti
925 1583 1062 1650 alteram
1094 1582 1234 1650 formam
1266 1588 1459 1670 receperint

346 1685 528 1772 spreverint
558 1681 716 1748 alteram?
760 1681 852 1762 Quae
881 1681 1010 1768 quidem
1030 1683 1187 1768 ⁸quaestio
1215 1683 1287 1746 etsi·
1303 1705 1372 1750 non
1398 1685 1457 1748 sinc

346 1783 518 1870 multiplici
544 1782 651 1848 fructu
679 1780 832 1846 incohata
861 1791 909 1846 est
937 1791 969 1846 et
995 1782 1143 1845 instituta
1173 1803 1193 1845 a
1225 1781 1337 1846 multis
1374 1783 1458 1848 fabu-
1525 1859 1526 1864 γ

347 1882 451 1948 larum
475 1880 678 1948 Graecarum
698 1879 895 1968 editoribus,
924 1883 980 1966 qui
1000 1879 1044 1946 ad
1065 1889 1167 1944 artem
1197 1881 1347 1949 criticam
1372 1893 1459 1946 caute

347 1991 380 2046 et
411 1981 643 2066 circumspecte
674 1977 889 2045 exercendam
918 1979 952 2042 in
979 1969 1108 2066 singula
1136 1978 1293 2065 quaedam
1326 1980 1459 2068 diligen-

347 2082 471 2148 tissime
492 2079 742 2166 inquisiverunt:
774 2075 903 2143 absolvi
928 2085 1037 2142 tamen
1066 2087 1098 2144 et
1128 2076 1172 2140 ad
1198 2087 1322 2144 certum
1350 2079 1459 2144 defini·

347 2190 479 2264 tumque
508 2179 631 2245 exitum
654 2175 788 2262 perduci
815 2198 880 2240 non
901 2177 1034 2264 poterit,
1067 2177 1146 2258 uisi,
1167 2177 1202 2243 iu
1222 2199 1322 2245 uuum
1344 2179 1460 2244 collata

347 2288 464 2344 cuncta
491 2275 714 2364 exemplorum
744 2276 854 2360 copia,
888 2277 1125 2362 coniungantur
1158 2275 1289 2362 singula
1316 2288 1349 2340 et
1381 2301 1458 2342 com·

345 2387 516 2464 parentur,
545 2376 716 2440 coniuncta
738 2383 990 2460 comparataque
1012 2374 1224 2462 explicentur.
1266 2375 1341 2440 Hoc
1362 2377 1459 2462 igitur

345 2477 387 2540 ad
411 2475 580 2542 consilium
601 2475 629 2538 si
650 2495 714 2540 nou
737 2472 987 2558 exsequendum,
1008 2482 1042 2540 at
1062 2473 1329 2560 praeparandum
1351 2485 1388 2541 et
1408 2473 1458 2538 ad·

277 2639 281 2648 ,
345 2575 521 2640 iuvandum
549 2571 785 2656 aliquantulum
820 2593 871 2635 me
901 2593 997 2659 posse
1028 2572 1175 2638 conferre
1203 2572 1401 2659 sperabam,
1435 2575 1459 2634 si

346 2695 555 2759 quaecunque
587 2672 711 2736 formae
745 2672 777 2736 iu
806 2671 963 2757 Aeschyli
992 2670 1163 2758 Sophoclis
1191 2671 1364 2757 Euripidis
1400 2681 1459 2734 tra-

345 2771 471 2858 goediis
512 2768 820 2856 tragoediarumque
851 2770 1043 2858 fragmentis
1080 2779 1248 2834 exstarent
1281 2769 1411 2835 alienae
1442 2791 1459 2832 a

346 2869 485 2936 dialecto
506 2868 617 2934 Attica
640 2890 723 2953 quae
751 2867 846 2954 volgo
869 2869 1082 2954 intellegitur,
1112 2870 1135 2937 i.
1157 2891 1183 2934 e.
1213 2890 1252 2937 ca
1272 2867 1374 2934 huius
1395 2869 1458 2932 dia-

344 2967 420 3034 lecti
434 2967 666 3034 cousuetudine
681 2989 745 3054 qua
764 2968 816 3032 usi
831 2976 904 3032 sunt
919 2979 1037 3054 poetae
1050 2969 1167 3032 comici
1187 2978 1219 3032 et
1234 2976 1394 3049 oratores,
1415 2969 1458 3030 ita

346 3066 530 3154 colligerem
551 3077 586 3132 ut
607 3067 750 3154 primum
771 3087 994 3130 enumerarem
1022 3065 1144 3136 formas
1165 3065 1333 3131 Atticas
1356 3067 1457 3130 anti·

345 3168 527 3252 quiores,
547 3188 630 3254 quae
644 3164 701 3230 illa
716 3175 821 3249 aetate
835 3188 900 3231 non
916 3168 981 3230 iarn
996 3166 1030 3230 in
1047 3188 1108 3230 usu
1122 3165 1250 3252 volgari
1265 3175 1385 3248 essent,
1404 3162 1457 3228 sed

274 3315 276 3320 -
345 3264 386 3330 ob
411 3265 518 3350 ipsam
539 3266 742 3352 antiquitatis
763 3265 905 3352 speciem
921 3287 959 3328 ao
974 3263 1249 3350 magnificentiam
1264 3286 1339 3328 curn
1354 3263 1456 3350 poesis

346 3363 544 3428 sublimitate
565 3362 648 3428 bene
669 3386 847 3448 congruere
868 3363 1075 3445 viderentur;
1104 3372 1172 3426 tum
1195 3361 1399 3447 disputarem
1421 3360 1456 3424 de

345 3463 565 3526 formarum
587 3463 791 3549 epicorum
814 3485 896 3549 quae
917 3462 1068 3526 (licuntur
1083 3484 1145 3526 usu
1160 3463 1348 3542 stratione3
1372 3460 1454 3524 deni·

347 3585 409 3648 que
429 3562 463 3624 in
485 3560 685 3648 vocabula
706 3560 862 3624 Dorica
884 3561 1295 3646 accuratiusinquirerem.
1332 3558 1406 3638 Qua
1425 3560 1455 3620 in

344 3681 380 3723 re
402 3668 533 3745 praeter
557 3659 755 3724 clarissimas
776 3658 849 3722 illas
872 3658 1046 3746 Elmsleyi,
1074 3657 1250 3740 Brunckii,
1279 3655 1454 3723 chofredi

345 3757 538 3842 Hermanni,
560 3757 712 3822 Guilelmi
728 3757 893 3824 Dindorfii
913 3757 1070 3827 editiones
1095 3779 1159 3834 non
1181 3756 1387 3823 mediocriter
1407 3777 1453 3818 me

345 3856 541 3922 adiuverunt
562 3880 644 3943 quae
663 3856 849 3922 Lachnerus
870 3857 905 3918 in
936 3855 1061 3920 duobus
1091 3854 1210 3919 libellis
1238 3877 1318 3940 quos
1345 3855 1452 3920 iuscri—

345 3957 411 4042 psit
431 3961 478 4018 De
499 3961 638 4038 Aeschyli
658 3961 756 4018 studio
774 3958 930 4018 Homerico
952 3953 1069 4031 (Berol.
1088 3960 1188 4032 1862),
1202 3963 1234 4017 et
1255 3959 1302 4016 De
1318 3956 1452 4034 Sophocle

339 4067 431 4133 portu
448 4049 705 4142 Ὁμηρικωτάτῳ
732 4051 991 4138 (Erlaug.1859)
1019 4054 1182 4142 congessit
1209 4051 1369 4147 vocabula
1388 4051 1449 4116 Ho-
