3034 4964
876 445 917 507 99

423 622 478 688 VI.
504 621 735 708 Ilm-ponitur
755 646 815 710 pro
837 628 927 687 11¹11=
1497 687 1498 720 i

408 727 495 788 1-3.
518 712 770 805 ’Λπφιανόςε
787 723 960 810 Appianus
981 734 1095 812 quater
1117 727 1151 790 in
1178 727 1316 790 nummis
1335 725 1428 811 Lydiit
1497 793 1498 798 ,

344 831 376 888 et
402 820 554 886 Phocaic.
583 820 673 907 apud
698 821 821 894 Mionn.
850 823 908 888 IV.
935 830 984 899 65.
1013 831 1084 908 359,
1119 831 1168 890 67.
1191 831 1266 902 359,
1287 832 1357 906 360,
1383 824 1428 887 ΙΠ.
1497 817 1498 852 ³

346 926 412 986 179.
436 926 505 988 846.

424 1035 497 1101 VH.
532 1035 571 1100 In
597 1035 699 1101 titulis
725 1035 936 1103 Cretensibus
970 1037 1053 1103 haee
1079 1037 1221 1126 vestigia
1246 1035 1429 1126 aspiiatisnis
1497 1063 1498 1070 ¹

341 1135 394 1201 vel
413 1132 552 1202 omissae
573 1135 626 1200 vel
649 1133 780 1200 additae
801 1139 987 1223 repperisse
1008 1137 1088 1202 mihi
1100 1137 1239 1203 'videort

407 1259 431 1318 1.
456 1246 603 1334 κρέματὰ
624 1278 666 1306 =
684 1247 835 1338 χρήματα

405 1356 433 1418 2.
457 1343 656 1435 ἄγκορενε
679 1348 858 1438 ἀναχωρεῖν
906 1357 989 1420 intit
976 1353 1135 1420 ttuloGor
1122 1355 1261 1442 tyniove
1262 1355 1431 1419 iustissimo:

406 1458 433 1518 3.
458 1446 719 1539 ε’π[ι]κορενεέ
719 1454 878 1537 πιχωρεῖν
907 1455 947 1521 ef.
956 1453 1067 1520 Revue
1083 1453 1170 1520 arch
1179 1453 1269 1564 VIII.
1279 1460 1343 1521 445.

405 1557 433 1615 4.
455 1543 647 1634 aelymei:
667 1548 739 1616 καὶ
746 1545 863 1636 ἀγαθά

402 1673 430 1733 5.
457 1659 774 1732 deffendite:
796 1659 1026 1740 ἀποειπάσθιυ
1048 1667 1126 1748 ibid.
1470 1713 1475 1723 ·

404 1774 495 1837 6-8,
528 1760 688 1857 astitisse,
709 1764 882 1858 συνεθθᾷ,
916 1761 1095 1850 ἲθθάνῑες,
1118 1769 1154 1835 id
1174 1757 1223 1835 est
1244 1769 1366 1837 Oretice
1384 1792 1432 1854 pro

342 1859 485 1951 ἷττᾶνθι,
509 1870 653 1955 evastati,
677 1861 822 1944 ἳπάντες
843 1875 899 1948 (=
913 1862 1040 1933 ἲστᾶντι
1055 1876 1126 1944 etc.)
1143 1869 1294 1956 leguntur
1308 1871 1340 1934 in
1352 1871 1431 1934 inser.

343 1989 363 2030 a
383 1961 591 2053 Bergmanno
614 1969 717 2036 edita:
741 1971 779 2036 cf.
798 1957 884 2034 isira
905 1991 981 2065 ppg.
1005 1976 1072 2036 107.

403 2081 496 2150 Haeo
509 2086 618 2155 omnia
634 2085 794 2172 exempla,
813 2084 1019 2174 quaeadhue
1033 2084 1135 2174 attuli,
1149 2107 1343 2173 quemquam
1358 2106 1432 2148 nemo

341 2183 502 2251 editorum
523 2185 684 2252 rationem
700 2197 733 2250 et
755 2185 1018 2274 aequabilitatem
1030 2208 1141 2252 eorum
1155 2183 1323 2266 intellexit,
1344 2197 1431 2250 tamen

338 2284 387 2374 ita
402 2293 598 2370 ‚comparata
620 2295 705 2369 sunt,
727 2293 763 2352 ut
782 2287 889 2372 primo
912 2293 1047 2372 aspectu
1066 2283 1162 2350 facile
1184 2294 1353 2370 appareat,
1372 2279 1431 2372 quid

342 2405 469 2470 quoque
490 2383 561 2449 loeo
583 2383 756 2470 legendum
778 2386 820 2448 sit
840 2386 952 2472 itaque
972 2385 1070 2478 tacite
1090 2385 1125 2447 in
1146 2381 1432 2470 transcriptionibus

336 2481 508 2574 ¹lapicidae
533 2483 585 2548 vel
614 2483 762 2568 lectoris,
793 2493 829 2550 ut
855 2482 1045 2568 videbatur,
1074 2483 1186 2569 lapsus
1210 2492 1370 2572 porrectus
1388 2489 1430 2544 est.

344 2581 409 2645 Sed
422 2591 546 2647 restant
560 2582 648 2648 haud
663 2585 761 2670 pauci
776 2581 923 2667 stultia
937 2583 1064 2672 quibus,
1081 2606 1154 2649 eum
1170 2591 1218 2648 tot
1232 2581 1432 2668 exemplorum

340 2680 567 2768 aequabilitas,
590 2681 733 2754 nondum
759 2692 934 2770 perspecta
966 2691 1066 2766 esset,
1100 2705 1194 2748 nemo
1222 2679 1344 2765 adhuc,
1373 2676 1433 2766 quid

340 2803 420 2846 vere
456 2781 703 2868 intelligendum
729 2793 829 2868 esset,
855 2782 954 2863 vidia
988 2773 1183 2868 quamquam
1211 2779 1294 2864 tales
1321 2781 1381 2846 loci
1402 2800 1434 2842 ex

210 2912 216 2928 ·
344 2890 524 2946 ceterorum
542 2880 694 2968 analogia
715 2881 880 2948 lenissime
900 2883 1010 2946 sanari
1035 2891 1181 2972 possupt.

402 2979 597 3068 lamigitur
619 2981 756 3068 singulis
776 2981 936 3060 elassibus
955 2981 1037 3050 haec
1059 2980 1210 3068 exempla
1232 2980 1397 3048 accedunt:

385 3096 439 3262 1.Ι
454 3095 503 3260 III
511 3101 641 3264 nIImIIII
656 3101 777 3264 IIarieo
800 3197 905 3284 apud
902 3197 1048 3268 Miennet
1062 3197 1120 3262 111.
1137 3201 1214 3266 383.
1222 3196 1342 3282 legitur
1355 3217 1432 3282 gene-

342 3298 429 3361 tivus
444 3297 583 3362 nominis
597 3297 701 3364 virilis
716 3289 957 3380 Δραχυλλίδου.
990 3296 1091 3363 Haud
1106 3295 1204 3360 dubie
1219 3289 1436 3378 Δρακυλλιὸης

342 3395 586 3481 intelligendum
609 3406 672 3462 est:
693 3398 732 3464 ef.
754 3391 952 3479 Δράκυλλος
973 3419 1025 3484 ap.
1046 3397 1147 3463 Arist.
1167 3395 1252 3466 ΑΘΒ.
1275 3403 1345 3480 612,
1364 3390 1420 3475 Λέρ
1422 3429 1435 3440 -

339 3492 448 3572 avios,
471 3489 700 3580 Δερκυλλίδας
721 3506 781 3564 ete.

333 3658 336 3666 ,
401 3616 430 3677 2.
453 3609 580 3678 Keilius
602 3613 636 3676 in
650 3611 800 3678 Passovii
821 3613 927 3678 lexioo
944 3611 1071 3677 dubitet
1090 3611 1131 3676 de
1144 3611 1252 3676 forma
1266 3604 1432 3694 Χρωκίνης,

295 3704 297 3708 ’
341 3731 424 3796 quae
451 3716 560 3776 exstat
587 3713 622 3776 in
647 3735 778 3777 nummo
803 3713 982 3800 Smyrnaeo
1012 3710 1101 3798 apud
1116 3709 1275 3782 Mionnet
1302 3706 1357 3776 III.
1380 3714 1433 3774 198.

342 3805 431 3876 1922.
458 3809 635 3897 1Εᾳιιίᾶθιιι
662 3813 710 3875 int
697 3809 807 3896 telligo
829 3805 1055 3896 Kennlvpg„
1013 3841 1055 3852 -—
1076 3803 1257 3890 Κροκίνας,
1292 3831 1370 3897 quae
1388 3829 1432 3871 ex·

339 3910 450 3996 plicat'
441 3933 472 3975 10
495 3911 593 3975 etiam
608 3933 645 3976 eo
667 3911 885 3994 confirmatur,
908 3910 1025 3998 quod
1015 3933 1050 3974 ιιι
1071 3909 1136 3975 alie
1156 3930 1287 3976 nummo
1308 3907 1431 3975 eiusdem

339 4007 430 4073 urbis
450 4008 504 4086 (ef.
516 4008 660 4076 Mionnet
680 4010 740 4079 III.
762 4015 830 4081 195.
844 4013 917 4091 982)
940 4011 1095 4103 seriptum
1115 4009 1278 4100 legitur
1249 3999 1426 4149 „pepaaiaa

339 4103 520 4198 Κρωκίνης
1258 4159 1262 4172 ,
1438 4133 1441 4144 ·
