3088 4966
642 393 702 460 257

184 567 346 636 Acristos
367 563 411 654 ἔβ
418 574 439 634 ἅ
446 595 463 634 ν
483 572 574 640 Pers.
594 581 643 642 18:
687 567 910 656 προλιπόντες
929 567 1034 655 ἔβαν.
1057 581 1111 658 (a.)

140 660 338 750 ἀπέόρόν
360 670 411 738 Ai.
438 678 510 740 167:
543 663 616 735 ἀλλ’
647 667 702 738 ὅτε
723 671 784 760 γὰρ
806 670 846 761 δὴ
869 669 907 738 τὸ
934 670 992 739 σὸν
1013 666 1096 758 ὄμμ’
1121 667 1226 742 ἀπέ-
1263 687 1268 698 ’

99 767 217 852 δραν.
244 773 302 848 (a.)

139 862 334 950 κατέβᾶν
356 868 412 935 Tr.
429 875 504 938 504:
525 863 611 948 τίνες
634 861 799 957 ἄμφίμνοι
815 867 992 954 κατέβαν
1014 869 1080 955 πρὸ
1105 866 1226 958 γάμων.

93 990 164 1033 non
189 990 271 1034 esse
292 969 376 1032 mira
398 969 541 1053 quadam
564 972 782 1036 contractione
805 982 892 1038 ortos
916 995 957 1038 ex
971 965 1103 1058 ἔβησαν,
1127 965 1226 1053 ἔδρα-

94 1087 181 1143 σαν,
221 1067 285 1132 sed
308 1066 540 1154 simpliciorem
561 1070 733 1134 retinuisse
756 1093 797 1136 ex
819 1072 894 1157 ipsa
922 1069 1015 1136 verbi
1037 1073 1139 1158 stirpe
1162 1072 1226 1136 for·

95 1168 288 1232 mationem
319 1167 403 1231 inter
434 1186 545 1232 omnes
579 1191 665 1234 nuno
697 1178 832 1234 constat.
880 1169 1086 1256 Anapaestos
1119 1180 1225 1236 autem

95 1275 312 1353 quantopere
333 1265 510 1351 expediant
535 1265 597 1331 hae
618 1266 742 1332 formae
765 1267 931 1334 breviores
953 1270 988 1332 in
1009 1269 1102 1356 poesi
1120 1267 1227 1356 lyrica

95 1363 400 1451 frequentissimae,
421 1364 517 1432 facile
531 1375 677 1453 apparet.

186 1465 318 1532 Similis
342 1476 390 1532 est
404 1467 488 1532 ratio
502 1465 626 1530 formae
647 1457 867 1550 τόφλωθεν
887 1464 962 1531 Ant
980 1471 1056 1548 973;
1077 1466 1125 1530 sio
1139 1467 1227 1532 enim

98 1566 280 1651 aptissime
302 1575 334 1632 et
353 1565 505 1632 facillime
528 1564 660 1632 Curtius
674 1565 729 1641 111)
759 1563 942 1630 emendavit
963 1565 1121 1630 librorum
1145 1567 1224 1630 scri·

97 1674 240 1749 pturam
272 1660 496 1752 τυφλωθὲν
525 1659 561 1742 ἐξ
581 1655 699 1747 ἀγρίας
722 1657 896 1748 δάμαρτος.
940 1665 1008 1730 Nec
1034 1687 1086 1730 me
1108 1677 1226 1748 movet,

100 1763 192 1849 quod
216 1764 343 1830 nullum
365 1774 536 1851 praeterea
565 1763 653 1850 apud
676 1763 870 1850 Sophoclem
900 1771 1008 1828 exstat
1036 1763 1130 1828 huius
1153 1786 1227 1850 pas-

100 1863 167 1926 sivi
191 1866 381 1949 vestigium,
405 1886 504 1956 quum
526 1885 596 1928 eam
619 1863 756 1928 sormam
774 1863 906 1928 minime
920 1862 1097 1928 abhorrere
1117 1885 1138 1928 a
1152 1885 1226 1928 can-

101 1961 252 2030 ticorum
275 1963 384 2028 indole
413 1972 510 2050 atque
533 1963 678 2027 oratione
706 1970 738 2026 et
760 1960 1027 2026 verisimillimum
1050 1963 1091 2026 sit
1113 1983 1130 2036 e
1152 1961 1226 2026 Pin·

101 2058 177 2124 dari
201 2061 316 2126 multis
339 2060 512 2147 exemplis,
541 2070 576 2124 ut
599 2061 689 2126 Nem.
706 2059 748 2143 Π,
771 2065 819 2126 22.
842 2059 921 2124 Isth.
936 2059 979 2143 II,
999 2065 1047 2127 29.
1070 2052 1226 2144 ibadam

99 2157 137 2224 Ρ.
153 2159 213 2243 IV,
232 2165 284 2228 69.
307 2154 487 2246 φύτευθεν,
508 2160 548 2226 N.
563 2159 606 2243 X,
621 2167 671 2228 66.
695 2152 829 2236 στάθεν,
854 2168 885 2224 et
902 2180 1007 2246 paene
1021 2159 1226 2224 manifestum

87 2279 145 2322 .ex
157 2258 334 2346 Euripidis
356 2258 495 2347 quodam
510 2281 616 2342 versu,
632 2259 710 2346 Hip.
728 2264 823 2326 1247:
845 2255 948 2320 ἵπποι
965 2249 998 2320 δ’
1015 2251 1227 2343 ἔκρυφθεν

101 2354 161 2419 καὶ
182 2354 223 2422 τὸ
249 2352 405 2444 δύστηνον
425 2353 594 2441 capuam)
616 2359 679 2424 nisi
701 2358 788 2446 quod
810 2356 873 2422 hac
891 2379 1019 2445 quoque
1032 2360 1066 2422 in
1084 2380 1120 2422 re
1132 2357 1227 2422 Euri·

103 2456 202 2542 pides
220 2459 420 2524 canticorum
434 2457 630 2543 elegantiam
643 2458 677 2522 in
690 2456 830 2522 diverbii
839 2455 948 2522 intulit
958 2456 1224 2522 mediocritatem.

193 2550 323 2637 ἔμμεν
349 2557 528 2621 infinitivus
556 2557 591 2622 in
617 2579 680 2622 uno
708 2555 827 2642 legitur
852 2555 1094 2641 tragoediarum
1124 2555 1226 2622 Grae·

106 2673 222 2719 carum
244 2677 355 2720 versu:
386 2655 463 2722 Ant.
486 2661 561 2724 623:
595 2652 726 2720 κλεινὸν
752 2651 835 2732 ἔντος
863 2651 1104 2742 πέφανται...
1141 2645 1223 2740 τῷδ’

105 2744 255 2833 ἔμμεν,
291 2753 346 2818 ubi
373 2756 494 2841 optime
520 2775 557 2818 eo
581 2765 754 2820 excusatur
777 2767 809 2822 et
830 2755 1013 2842 explicatur
1034 2778 1099 2820 vox
1122 2756 1225 2842 epioa,

108 2852 197 2937 quod
219 2854 375 2918 universa
395 2853 476 2918 haec
500 2854 659 2918 sententia
685 2876 750 2918 non
780 2863 948 2942 tamquam
975 2855 1079 2942 ipsius
1108 2865 1226 2940 poetae

106 2954 249 3038 propria
280 2953 443 3038 profertur
476 2941 534 3017 sed
565 2950 606 3016 ab
639 2951 876 3037 antiquioribus
910 2954 989 3018 viris
1023 2952 1225 3039 sapientibus

107 3059 240 3136 sumpta
261 3051 382 3128 est.¹⁷³)

162 3315 223 3381 171)
241 3313 302 3369 lud.
322 3313 398 3369 Lect.
416 3310 489 3366 Kiel.
511 3312 624 3379 1855156.
643 3328 670 3380 p.
689 3309 751 3366 VII.

163 3399 222 3464 112)
236 3397 321 3467 Apud
330 3395 592 3465 Aristophanem
605 3394 660 3448 duo
673 3411 748 3447 nunc
760 3394 891 3464 leguntur
903 3395 961 3449 eius
973 3394 1078 3450 formae
1090 3395 1224 3467 exempla,

109 3477 157 3531 sed
175 3479 294 3533 alterum
319 3484 458 3550 sumptum
477 3495 491 3531 e
509 3476 587 3548 poesi
610 3477 701 3546 spicas
729 3476 762 3532 P.
783 3480 846 3532 1283
868 3477 1078 3550 ἐνόρεσαενς
1108 3479 1224 3534 alterum

108 3558 192 3633 Vesp.
203 3567 261 3618 662.
280 3568 502 3619 κατένασθεν
518 3561 675 3614 restitutum
692 3560 851 3616 coniectura
868 3579 956 3634 aeque
970 3563 1116 3617 admodum
1130 3562 1223 3631 dubia,

111 3643 133 3696 si
148 3647 259 3716 quidem
277 3647 365 3701 omnis
383 3645 490 3701 abhoc
507 3644 568 3699 loeo
587 3645 667 3698 abest
684 3643 816 3698 orationis
834 3642 997 3701 Homericae
1016 3645 1173 3700 similitudo.

163 3733 221 3798 113)
240 3731 326 3786 Simili
344 3731 464 3802 quadam
476 3727 729 3797 Aristophanes
747 3745 813 3782 usus
826 3733 868 3783 est
877 3728 966 3784 forma
984 3729 1223 3802 όόμενΑν.973.

111 3807 140 3862 in
158 3814 284 3869 oraculo:
315 3821 352 3886 τῷ
380 3811 487 3883 δόμεν
510 3810 625 3883 ἱμάτιον
648 3812 775 3882 καθαρὸν
796 3814 842 3864 καὶ
866 3811 950 3866 καινὰ
969 3811 1085 3875 πέδιλα,
1112 3815 1140 3864 et
1157 3809 1223 3868 ibid.

113 3905 139 3946 v.
158 3899 215 3950 930.
238 3896 273 3952 in
285 3903 385 3968 poetas
408 3895 487 3966 lyrici
509 3894 556 3950 illo
580 3894 701 3948 cantico:
729 3894 778 3952 όὸς
802 3895 865 3966 ἐμὶν
882 3891 937 3958 das
957 3913 1008 3966 περ
1023 3896 1027 3962 Ι
1044 3900 1092 3965 τεᾷ
1115 3897 1224 3966 κεφαλᾷ

112 3980 201 4041 θέλεις
216 3983 220 4049 Ι
238 3981 374 4054 πρόφρων
398 3979 506 4052 δόμεν
530 3980 594 4051 ἐμὶν
611 3977 683 4046 τείν,
709 3977 834 4047 pluribus
856 3975 1042 4032 Pindarus:
1070 3978 1159 4052 ἔμμεν
1180 3975 1223 4034 Ol.
1284 3978 1287 3984 '

112 4055 146 4127 V,
159 4064 204 4133 163
222 4064 317 4136 φάμεν
335 4064 377 4120 01
396 4063 418 4133 1,
432 4067 472 4118 35.

164 4156 303 4212 Onrtlus,
320 4162 422 4202 Studien.
443 4159 463 4202 2.
984 4149 1013 4200 l'l
