3148 4958
195 1513 223 1589 ἓ.
247 1517 274 1574 1.
308 1508 502 1594 Quanquam
535 1519 567 1574 et
594 1513 783 1596 antiquioris
813 1519 845 1574 et
872 1514 1061 1578 recentioris
1091 1517 1245 1600 temporis

132 1610 337 1691 grammatici
360 1608 400 1672 de
420 1611 719 1696 patronymicorum
734 1633 922 1696 graecorum
936 1612 1127 1676 formatione
1139 1615 1246 1700 copio-

132 1709 199 1770 sius
213 1707 385 1793 multisque
397 1707 476 1771 locis
493 1718 637 1794 egerunt,
659 1719 767 1774 tamen
781 1709 916 1774 eandem
933 1733 1000 1774 rem
1015 1720 1157 1775 tractare
1171 1734 1245 1798 ope·

130 1828 187 1869 rae
209 1809 348 1891 pretium
367 1829 438 1871 esse
459 1808 538 1872 mihi
562 1811 666 1872 visum
688 1818 745 1872 est.
788 1809 861 1874 Hac
888 1811 973 1872 enim
993 1820 1105 1874 nostra
1130 1821 1245 1894 aetate,

129 1897 194 1990 qua
215 1927 335 1990 graeca
354 1905 466 1991 lingua
488 1909 703 1992 grammatica
719 1909 943 1992 comparativa
957 1910 1061 1992 magis
1077 1909 1246 1994 magisque

129 2003 307 2067 illustretur
323 2013 354 2067 et
376 2005 566 2091 explicetur,
588 2016 624 2068 ut
640 2004 680 2068 de
697 2005 768 2068 aliis
781 2005 887 2086 rebus,
909 2027 993 2092 quae
1004 2006 1047 2069 ad
1059 2009 1245 2090 grammati·

130 2125 201 2166 cam
226 2106 421 2189 pertineant,
445 2106 492 2168 sic
513 2105 554 2168 de
577 2106 823 2190 patronymiois,
846 2106 916 2168 sive
935 2104 1159 2169 formationem
1176 2108 1245 2170 sive

124 2203 291 2285 'originem
315 2211 451 2288 spectes,
474 2205 594 2267 rectius
617 2225 713 2289 quam
727 2201 769 2266 ab
783 2205 839 2285 eis,
863 2205 917 2289 qui
929 2202 1065 2266 antehac
1080 2205 1113 2266 in
1127 2203 1242 2268 studiis

126 2303 351 2383 grammaticis
374 2304 495 2366 versati
519 2310 608 2383 sunt,
637 2303 828 2387 praesertim
851 2323 948 2388 quam
971 2301 1012 2366 ab
1034 2303 1115 2388 ipsis
1137 2325 1244 2388 gram·
1302 2336 1305 2344 ⁴

125 2401 257 2463 maticis
280 2401 419 2485 graecis,
437 2400 583 2487 judicari
606 2423 702 2487 posse
722 2403 806 2466 inter
822 2423 931 2466 omues
947 2411 1081 2464 constat.
1124 2402 1153 2465 Ε
1177 2405 1244 2490 qui—

125 2497 186 2561 bus
216 2499 347 2584 quidem
374 2499 604 2585 Dionysius
637 2501 777 2565 Thrax
806 2499 923 2576 (Bekk.
952 2499 1097 2564 anecdot.
1120 2523 1150 2586 p.
1174 2509 1243 2583 634,

125 2601 177 2674 29)
200 2607 232 2660 et
255 2597 490 2662 scholiasta
511 2601 580 2685 ejus
604 2599 637 2678 (l.
651 2598 672 2662 l.
687 2622 719 2685 p.
732 2603 791 2667 849
804 2606 891 2685 seq),
918 2598 1108 2684 quibuscum
1130 2599 1244 2664 Pris-

125 2698 268 2760 cianus
298 2697 349 2778 (Π,
372 2702 407 2779 6,
430 2705 482 2776 35)
510 2699 678 2779 consentit,
700 2707 766 2761 tres
794 2699 1092 2783 patronymicorum
1119 2719 1243 2761 mascu-

123 2795 264 2859 linorum
286 2795 409 2859 formas
432 2819 502 2860 esse
532 2805 692 2861 statuunt:
723 2798 757 2860 iu
787 2795 874 2882 δῃςμ
886 2819 969 2883 quae
998 2798 1174 2861 communis
1196 2797 1242 2860 di-

124 2894 229 2957 cenda
259 2896 316 2976 sit,
345 2894 433 2983 quod
459 2897 493 2958 in
520 2895 608 2960 omni
639 2917 785 2959 sermone
808 2897 961 2980 usurpari
991 2896 1109 2981 possit3
1132 2897 1254 2986 intpp„

124 3015 208 3076 quae
230 2995 368 3080 propria
389 2996 432 3058 sit
452 2992 546 3058 Jadis
569 2994 715 3078 linguae;
738 2995 771 3056 in
785 2992 903 3080 9ng
934 3017 1016 3080 quae
1046 2998 1087 3058 sit
1110 2995 1243 3058 aeolica.

124 3093 189 3155 aed
217 3091 332 3156 codem
350 3094 443 3180 jure,
472 3115 534 3177 quo
557 3091 646 3165 αδιος
667 3130 708 3138 -
730 3095 838 3177 potius
862 3091 933 3168 ὄιος
955 3093 1019 3156 dici
1041 3092 1242 3183 debebat!—

123 3193 316 3266 terminatio¹
339 3190 463 3255 aeolica
489 3193 585 3254 etiam
614 3192 671 3266 δας
698 3191 812 3254 dorica
841 3192 950 3255 afferri
978 3200 1114 3276 poterat.
1159 3192 1240 3254 Nam

124 3287 204 3372 ὄιος,
228 3291 256 3354 si
279 3291 438 3376 originem
460 3291 613 3377 respicis,
641 3312 705 3354 uon
728 3287 892 3354 diversam
915 3311 986 3354 esse
1008 3312 1028 3354 a
1052 3287 1109 3372 6ης
1131 3299 1162 3352 et
1185 3287 1243 3362 δας

124 3373 239 3474 pista
260 3389 456 3454 videbimus,
742 3475 743 3478 Ἴ

185 3494 213 3572 ξ.
225 3495 254 3556 2.
278 3489 530 3575 Neoquisquarn
542 3498 654 3555 nostra
670 3497 778 3554 aetate
792 3487 1012 3574 Apollonio
1031 3479 1242 3573 sophistae

124 3591 335 3670 assentietur,
358 3589 413 3674 qui
435 3588 551 3664 (Bekk.
574 3587 685 3652 anecd.
706 3594 780 3667 850,
804 3593 854 3664 20)
876 3587 916 3651 de
939 3587 1238 3673 patronymicorum

123 3687 351 3751 femininorum
374 3687 575 3751 derivatione
597 3686 680 3750 hauc
702 3685 837 3772 protulit
858 3688 1064 3750 senteutiam:
1094 3680 1168 3766 „Tri
1193 3676 1241 3758 εἰς

120 3777 199 3869 ‘riqg'
225 3779 452 3868 ἀποβάλλοντα
472 3783 531 3869 τὴν
549 3779 629 3868 ‘cqc'
651 3786 741 3848 ποιεῖ
760 3781 907 3869 θηλυκὸν
925 3777 1131 3867 Τανταλίδης
1153 3785 1239 3844 Τάν-

122 3877 226 3968 ταλίς,
258 3877 452 3970 Πηληιᾶδης
472 3880 634 3969 Πηληιᾶς,
660 3877 842 3968 Αἱνειάόης
861 3875 1053 3958 Αἰνειοὶςῑί.Ι
1082 3881 1240 3962 Quamvis
1311 3907 1312 3912 ¹

124 3985 210 4048 enim
233 3985 373 4070 cogitari
390 3986 503 4070 possit,
531 3977 689 4060 Ἰὶκνιαλίς
705 3976 908 4058 ‘ramalium
923 3981 1016 4046 verbi
1029 4004 1128 4046 causa
1142 4003 1240 4068 prop·

124 4093 175 4146 ter
196 4083 390 4170 euphoniam
412 4105 453 4146 ex
480 4075 675 4158 Ἰἀνταλίδις
691 4077 932 4155 Tamasidaua·
954 4091 1155 4147 contractum
1167 4101 1239 4146 esse

1015 4181 1027 4230 l
