3148 4958
873 432 893 497 8

324 613 410 700 quod
431 611 620 698 progeniem
633 611 654 687 ¹)
676 610 848 696 significat,
870 611 1049 696 composita
1071 619 1161 692 sunt,
1184 633 1247 676 uno
1269 611 1325 676 vel
1347 611 1447 698 pluri·
1562 638 1563 708 ᾗ

324 712 385 776 bus
407 713 491 776 inter
520 733 555 775 so
577 711 757 796 conjunctis
780 710 906 774 suffixis
925 710 1015 774 facta
1036 719 1125 791 sunt,
1148 733 1232 794 quae
1255 713 1448 795 possessiva
1562 715 1563 722 ’

326 811 390 879 dici
412 809 524 874 solent.
566 810 650 874 Nam
671 810 705 872 iu
726 810 942 874 sanserita
963 807 1094 894 quidem
1114 807 1228 894 lingua
1250 808 1315 874 hae
1338 821 1447 895 patro·

325 913 526 996 nymicorum
548 909 792 972 terminationes
813 917 959 972 exstant:
982 933 1015 984 a,
1038 911 1049 970 i
1060 957 1067 986 ‚
1084 915 1140 986 ja,
1162 915 1225 986 ijo,
1255 914 1322 987 eja,
1355 915 1448 988 natja,

326 1016 433 1089 ojano,
455 1011 550 1086 ojani,
572 1013 690 1086 ajnnjrr,
713 1012 775 1084 era,
798 1011 884 1084 sira,
908 1010 964 1084 alei,
988 1012 1025 1088 lei,
1047 1011 1169 1088 lctjam',
1192 1029 1334 1094 quarum
1355 1032 1385 1085 c,
1399 1016 1449 1087 ja,
1563 1006 1564 1052 l

326 1114 376 1188 eja
398 1107 629 1172 usitatissimae
651 1115 741 1187 sunt3
771 1128 851 1191 quas
874 1128 916 1170 ex
935 1105 986 1170 his
1002 1107 1143 1193 quinque
1159 1105 1366 1192 simplicibus
1386 1107 1449 1172 suf-

327 1208 416 1272 fixis:
439 1230 469 1290 a,
483 1213 532 1284 Ja,
553 1209 602 1278 ka,
625 1227 675 1280 na,
697 1227 736 1266 ra
757 1209 813 1282 (ta)
835 1205 999 1270 ducendas
1014 1228 1085 1284 esse
1103 1215 1252 1291 apparot,
1273 1207 1310 1270 in
1331 1206 1449 1292 quibus

328 1306 515 1392 possessiva
524 1305 548 1382 Ἰ)
571 1304 621 1367 vis
645 1325 828 1390 quanquam
851 1303 1089 1391 quodammodo
1105 1305 1236 1369 diversa
1249 1306 1344 1370 inest.
1358 1305 1449 1368 -In

328 1405 556 1481 bactrica³)
575 1401 687 1490 lingua
709 1402 790 1468 haee
812 1404 932 1468 suffixa
952 1405 1212 1490 patronymieam
1227 1403 1296 1466 vim
1312 1403 1449 1468 habent:

328 1529 358 1588 u,
378 1508 397 1579 i,
415 1527 470 1584 pa,
494 1526 544 1580 aa,
564 1525 637 1576 ano,
660 1508 722 1581 oni,
741 1527 857 1582 upana,
880 1499 963 1588 quac
985 1524 1026 1566 ex
1048 1501 1248 1588 simplicibus
1269 1503 1399 1568 suffixis
1421 1527 1451 1581 a,

326 1627 384 1684 pa,
412 1626 454 1664 na
482 1601 661 1687 repetenda
689 1611 771 1665 sunt.
802 1638 843 1648 -
875 1600 1028 1666 Graeci
1054 1607 1095 1680 ja
1122 1610 1155 1665 et
1182 1625 1202 1662 a
1232 1601 1286 1678 (cf.
1310 1624 1384 1688 cap.
1406 1602 1449 1676 Π)

330 1701 520 1765 suffixorum
542 1723 604 1786 ope
626 1701 853 1786 patronymica
880 1701 1029 1765 formant.
1052 1701 1251 1766 -Latini
1279 1701 1325 1766 ad
1346 1703 1448 1788 genti·

329 1801 477 1864 liciorum
499 1800 726 1866 formationem
748 1807 804 1863 aut
818 1806 860 1878 ja
888 1800 978 1864 utin
999 1806 1164 1862 Marc-ias
1196 1823 1217 1864 a
1237 1806 1368 1864 Marcus
1395 1809 1450 1866 out

330 1906 362 1960 la
374 1905 435 1976 (ra)
451 1921 523 1962 eum
533 1905 574 1977 ja
590 1900 795 1985 conjunctum
811 1897 967 1972 adhibent
988 1908 1023 1962 ut
1040 1899 1074 1962 in
1089 1903 1269 1983 Luci-tiu-s3
1292 1910 1448 1986 patrony-

330 2000 447 2086 micam
459 1999 483 2076 4)
504 1999 571 2062 vim
588 1997 687 2066 habet
707 2022 748 2060 aa
771 1998 923 2064 suffixum
944 2000 978 2062 in
998 2002 1183 2062 Aemilianus
1205 2008 1236 2064 et
1253 2002 1449 2062 Octavianus.

330 2135 370 2186 j-
392 2099 642 2162 Lituanicae
664 2106 696 2162 et
718 2097 961 2164 slavonicae
989 2105 1103 2182 gentes
1125 2121 1166 2160 aa
1198 2105 1230 2162 et
1251 2103 1291 2160 lca
1321 2098 1447 2164 suffixis

330 2207 453 2264 tantum
475 2198 523 2262 uti
545 2195 704 2272 videntur,
725 2219 862 2281 quorum
881 2195 1019 2261 alterum
1039 2198 1202 2262 invenitur
1229 2197 1321 2282 apud
1339 2198 1450 2262 Litua
1566 2191 1567 2198 ἵ

331 2319 389 2361 nos
410 2297 444 2358 in
463 2299 630 2358 karol-ena
652 2297 685 2372 (i.
707 2318 733 2362 e.
754 2297 842 2380 regis
864 2295 960 2372 filius)
988 2304 1020 2359 et
1040 2296 1129 2381 apud
1148 2295 1305 2362 Russus
1324 2299 1359 2362 in
1380 2299 1449 2358 Il‘in

315 2405 363 2481 et
382 2397 474 2456 Iliad
494 2395 548 2472 (ab
571 2399 658 2472 llija)
687 2394 707 2459 i.
732 2416 757 2459 e.
793 2393 888 2460 Eliae
908 2393 993 2460 filius
1015 2402 1047 2458 et
1072 2394 1155 2475 filia3
1186 2404 1284 2482 atquo
1311 2418 1386 2461 cum
1407 2419 1449 2458 ow

332 2493 448 2557 suffixo
472 2495 686 2580 conjunctum,
709 2493 742 2556 in
764 2515 827 2579 quo
847 2493 1034 2578 possessiva
1054 2495 1104 2558 vis
1130 2495 1225 2575 inest,
1247 2499 1450 2558 Iwan-ow-na
1567 2472 1568 2518 ss

331 2593 350 2657 i.
378 2615 404 2656 e.
446 2591 584 2656 Joannis
613 2590 681 2655 filia
716 2591 832 2678 (polon
867 2598 1093 2675 Ian-ow-na);
1123 2593 1261 2658 alterum
1298 2593 1449 2658 suffixum

333 2742 481 2750 ...η-..Μ
490 2743 537 2750 0-—

329 2821 481 2892 Ruprecht‚
494 2821 538 2875 dio
550 2822 702 2877 deutschen
708 2821 907 2892 Patronymica
918 2822 1127 2893 nnehgswiesen
1137 2839 1174 2877 an
1185 2824 1234 2878 der
1243 2823 1448 2879 ootfrtesisohon

330 2905 483 2971 Mundart.)
500 2936 535 2944 —
551 2904 638 2960 Recte
654 2906 763 2962 Pettius
781 2905 879 2974 (Erech
896 2923 924 2960 u.
936 2903 1069 2960 Gruber's
1083 2907 1199 2977 Encyrl.
1213 2926 1233 2964 a
1244 2907 1448 2979 patronymica)

330 2987 466 3058 conjicere
483 2988 551 3042 mihi
561 2989 678 3058 videtur,
689 2990 783 3044 italica
796 2989 909 3044 nomina
921 2990 1038 3060 gentilia
1048 2996 1080 3046 ut
1087 2990 1248 3060 Gariboldi,
1257 2990 1355 3064 Ors'epi
1367 2992 1448 3045 etiam

329 3089 345 3125 e
363 3072 498 3142 genetiuis
516 3073 641 3128 derivata
658 3091 726 3130 esse.
1427 3127 1435 3142 ,

291 3155 295 3161 “
398 3158 422 3222 1)
441 3155 504 3210 Hac
521 3157 628 3211 ratione
650 3157 679 3212 in
696 3157 798 3229 linguis
817 3157 981 3230 germanicis
1003 3159 1165 3229 praesertim
1181 3158 1447 3230 septentrionalibus

328 3239 442 3294 nomina
452 3241 569 3312 gentilia
580 3241 700 3296 formata
712 3247 785 3306 sunt,
798 3246 831 3295 ut
841 3243 986 3294 Anderson
990 3262 1001 3309 ‚·
1019 3242 1094 3313 angl.
1108 3243 1295 3311 malculmo,
1307 3243 1447 3308 Jotmon3

328 3339 414 3399 germ.
427 3325 589 3394 Bannipsen.
608 3357 640 3365 -
658 3325 819 3396 Comparari
832 3329 950 3395 possunt
968 3325 1057 3380 latins
1067 3327 1267 3398 patronymica,
1283 3345 1357 3400 quae
1374 3325 1448 3396 apud

328 3411 425 3478 poetas
443 3412 553 3462 tantum
573 3414 691 3478 exstant,
704 3414 736 3462 ut
748 3409 935 3477 Phoebi-pecc
948 3408 1043 3480 (Verg.
1062 3411 1134 3464 Aen.
1152 3415 1179 3478 7,
1192 3414 1253 3480 773)
1287 3413 1447 3482 Mnrtr'pena

329 3487 430 3559 (Ouid.)
449 3489 580 3560 Solipena
600 3491 673 3560 (Vel.
692 3491 756 3560 Fi),
774 3496 803 3544 et
820 3507 921 3562 graeca
939 3497 971 3546 ut
999 3493 1153 3562 ΙΙληιάδων
1175 3483 1444 3562 Ἀτλαγενέωνᾙοε.

328 3591 373 3644 op.
393 3577 451 3629 383.

394 3661 421 3726 2)
440 3655 482 3713 Cf.
501 3657 592 3730 Bopp‚
608 3659 673 3714 krit.
692 3655 740 3714 Gr.
761 3657 788 3712 d.
807 3657 901 3714 Snskt.
920 3659 967 3730 Sp.
987 3667 1009 3728 §-
1028 3663 1091 3730 584,
1113 3665 1140 3730 1,
1159 3665 1255 3732 2,1o,
1276 3666 1321 3732 16,
1341 3667 1386 3730 Π,
1406 3663 1444 3726 18,

327 3745 666 3811 nummum

395 3828 421 3892 3)
440 3825 494 3880 Cir.
512 3825 597 3895 Justi,
616 3826 775 3882 Handbuch
794 3827 820 3880 d.
840 3825 1034 3899 Zendspraohe
1051 3846 1078 3899 p.
1097 3833 1146 3882 374
1164 3844 1220 3899 seq.

395 3912 422 3973 4)
439 3907 480 3964 ef.
494 3909 627 3965 Priscian.
647 3909 683 3978 II,
696 3915 720 3979 6,
732 3914 777 3964 33:
796 3926 935 3977 „necnon
948 3911 1102 3982 possessiva
1119 3911 1180 3965 loco
1190 3911 1444 3982 patronymicorum

328 3993 482 4046 invenimus
505 3995 580 4064 apud
597 3995 714 4050 Latinos
736 3997 882 4063 usurpata,
906 3997 937 4046 ut
954 3995 1127 4048 Aenilionus
1144 3993 1242 4066 Scipio
1264 4011 1315 4065 pro
1331 3992 1445 4048 Aemilii

317 4078 402 4139 filias
420 4083 448 4130 et
467 4077 634 4134 Octaviam
652 4078 781 4134 Caesam
818 4075 860 4134 Cf.
877 4075 913 4139 Π,
933 4081 957 4145 8,
975 4081 1016 4132 42.
