<?xml version="1.0" encoding="UTF-8"?>
<!DOCTYPE html PUBLIC "-//W3C//DTD XHTML 1.0 Transitional//EN"
    "http://www.w3.org/TR/xhtml1/DTD/xhtml1-transitional.dtd">
<html xmlns="http://www.w3.org/1999/xhtml" xml:lang="en" lang="en">
 <head>
  <title>
</title>
<meta http-equiv="Content-Type" content="text/html;charset=utf-8" />
  <meta name='ocr-system' content='tesseract 3.04.00' />
  <meta name='ocr-capabilities' content='ocr_page ocr_carea ocr_par ocr_line ocrx_word'/>
</head>
<body>
  <div class='ocr_page' id='page_1' title='image "./studienzurgriec00vanigoog_0549.png"; bbox 0 0 3088 4966; ppageno 0'>
   <div class='ocr_carea' id='block_1_1' title="bbox 638 391 695 454">
    <p class='ocr_par' dir='ltr' id='par_1_1' title="bbox 638 391 695 454">
     <span class='ocr_line' id='line_1_1' title="bbox 638 391 695 454; baseline 0 -1"><span class='ocrx_word' id='word_1_1' title='bbox 638 391 695 454; x_wconf 83' lang='lat'>261</span> 
     </span>
    </p>
   </div>
   <div class='ocr_carea' id='block_1_2' title="bbox 94 566 1310 759">
    <p class='ocr_par' dir='ltr' id='par_1_2' title="bbox 94 566 1310 759">
     <span class='ocr_line' id='line_1_2' title="bbox 95 566 1224 658; baseline 0.004 -26"><span class='ocrx_word' id='word_1_2' title='bbox 95 566 186 632; x_wconf 90' lang='lat' dir='ltr'>bene</span> <span class='ocrx_word' id='word_1_3' title='bbox 211 568 283 634; x_wconf 91' lang='lat' dir='ltr'>sint</span> <span class='ocrx_word' id='word_1_4' title='bbox 305 569 569 636; x_wconf 76' lang='lat' dir='ltr'><strong>accommodatae</strong></span> <span class='ocrx_word' id='word_1_5' title='bbox 593 605 630 614; x_wconf 91' lang='lat'><em>-</em></span> <span class='ocrx_word' id='word_1_6' title='bbox 661 567 748 655; x_wconf 89' lang='lat' dir='ltr'>quod</span> <span class='ocrx_word' id='word_1_7' title='bbox 774 591 840 634; x_wconf 90' lang='lat' dir='ltr'>non</span> <span class='ocrx_word' id='word_1_8' title='bbox 864 571 959 658; x_wconf 87' lang='lat' dir='ltr'>plane</span> <span class='ocrx_word' id='word_1_9' title='bbox 990 572 1037 636; x_wconf 90' lang='lat' dir='ltr'>ita</span> <span class='ocrx_word' id='word_1_10' title='bbox 1062 593 1133 636; x_wconf 88' lang='lat' dir='ltr'>esse</span> <span class='ocrx_word' id='word_1_11' title='bbox 1154 571 1224 636; x_wconf 87' lang='lat' dir='ltr'>bre·</span> 
     </span>
     <span class='ocr_line' id='line_1_3' title="bbox 94 667 1310 759; baseline 0.007 -31"><span class='ocrx_word' id='word_1_12' title='bbox 94 667 188 729; x_wconf 86' lang='lat' dir='ltr'>viter</span> <span class='ocrx_word' id='word_1_13' title='bbox 215 668 476 754; x_wconf 87' lang='lat' dir='ltr'>significavimus</span> <span class='ocrx_word' id='word_1_14' title='bbox 498 707 539 718; x_wconf 87' lang='lat'><em>-</em></span> <span class='ocrx_word' id='word_1_15' title='bbox 569 667 777 734; x_wconf 81' lang='lat' dir='ltr'>nihilominus</span> <span class='ocrx_word' id='word_1_16' title='bbox 804 671 955 757; x_wconf 91' lang='lat' dir='ltr'>quoniam</span> <span class='ocrx_word' id='word_1_17' title='bbox 975 672 1107 736; x_wconf 90' lang='lat' dir='ltr'>minime</span> <span class='ocrx_word' id='word_1_18' title='bbox 1129 693 1225 759; x_wconf 88' lang='lat' dir='ltr'>argu·</span> <span class='ocrx_word' id='word_1_19' title='bbox 1306 741 1310 756; x_wconf 60' lang='lat'>,</span> 
     </span>
    </p>
   </div>
   <div class='ocr_carea' id='block_1_3' title="bbox 93 766 1319 4126">
    <p class='ocr_par' dir='ltr' id='par_1_3' title="bbox 93 766 1227 1034">
     <span class='ocr_line' id='line_1_4' title="bbox 95 766 1227 856; baseline 0.006 -27"><span class='ocrx_word' id='word_1_20' title='bbox 95 766 227 830; x_wconf 85' lang='lat' dir='ltr'>mentis</span> <span class='ocrx_word' id='word_1_21' title='bbox 261 789 302 831; x_wconf 89' lang='lat' dir='ltr'>ex</span> <span class='ocrx_word' id='word_1_22' title='bbox 329 770 403 855; x_wconf 86' lang='lat' dir='ltr'>ipsa</span> <span class='ocrx_word' id='word_1_23' title='bbox 434 791 470 834; x_wconf 89' lang='lat' dir='ltr'>re</span> <span class='ocrx_word' id='word_1_24' title='bbox 495 769 604 856; x_wconf 90' lang='lat' dir='ltr'>petitis</span> <span class='ocrx_word' id='word_1_25' title='bbox 622 768 898 834; x_wconf 48' lang='lat' dir='ltr'>*commendantur</span> <span class='ocrx_word' id='word_1_26' title='bbox 926 779 957 834; x_wconf 88' lang='lat' dir='ltr'>et</span> <span class='ocrx_word' id='word_1_27' title='bbox 984 770 1227 854; x_wconf 88' lang='lat' dir='ltr'>confirmantur,</span> 
     </span>
     <span class='ocr_line' id='line_1_5' title="bbox 95 864 1225 956; baseline 0.008 -29"><span class='ocrx_word' id='word_1_28' title='bbox 95 864 159 928; x_wconf 85' lang='lat' dir='ltr'>sed</span> <span class='ocrx_word' id='word_1_29' title='bbox 184 887 233 930; x_wconf 85' lang='lat' dir='ltr'>ex</span> <span class='ocrx_word' id='word_1_30' title='bbox 259 868 410 954; x_wconf 90' lang='lat' dir='ltr'>opinione</span> <span class='ocrx_word' id='word_1_31' title='bbox 432 867 573 953; x_wconf 91' lang='lat' dir='ltr'>quadam</span> <span class='ocrx_word' id='word_1_32' title='bbox 594 866 819 956; x_wconf 86' lang='lat' dir='ltr'>praeiudicata</span> <span class='ocrx_word' id='word_1_33' title='bbox 840 878 929 936; x_wconf 88' lang='lat' dir='ltr'>ortae</span> <span class='ocrx_word' id='word_1_34' title='bbox 952 879 1042 952; x_wconf 89' lang='lat' dir='ltr'>sunt,</span> <span class='ocrx_word' id='word_1_35' title='bbox 1065 871 1153 935; x_wconf 91' lang='lat' dir='ltr'>omni</span> <span class='ocrx_word' id='word_1_36' title='bbox 1173 893 1225 936; x_wconf 86' lang='lat' dir='ltr'>ea·</span> 
     </span>
     <span class='ocr_line' id='line_1_6' title="bbox 93 966 515 1034; baseline 0.017 -8"><span class='ocrx_word' id='word_1_37' title='bbox 93 973 174 1029; x_wconf 88' lang='lat' dir='ltr'>rent</span> <span class='ocrx_word' id='word_1_38' title='bbox 195 967 274 1032; x_wconf 87' lang='lat' dir='ltr'>veri</span> <span class='ocrx_word' id='word_1_39' title='bbox 297 966 515 1034; x_wconf 78' lang='lat' dir='ltr'>similitudine.</span> 
     </span>
    </p>

    <p class='ocr_par' dir='ltr' id='par_1_4' title="bbox 95 1063 1225 1331">
     <span class='ocr_line' id='line_1_7' title="bbox 187 1063 1225 1154; baseline 0.005 -26"><span class='ocrx_word' id='word_1_40' title='bbox 187 1063 349 1151; x_wconf 81' lang='lat' dir='ltr'>Sequitur</span> <span class='ocrx_word' id='word_1_41' title='bbox 372 1065 510 1132; x_wconf 88' lang='lat' dir='ltr'>alterum</span> <span class='ocrx_word' id='word_1_42' title='bbox 531 1089 633 1153; x_wconf 88' lang='lat' dir='ltr'>genus</span> <span class='ocrx_word' id='word_1_43' title='bbox 657 1088 766 1131; x_wconf 89' lang='lat' dir='ltr'>eorum</span> <span class='ocrx_word' id='word_1_44' title='bbox 788 1065 973 1148; x_wconf 87' lang='lat' dir='ltr'>verborum,</span> <span class='ocrx_word' id='word_1_45' title='bbox 992 1087 1076 1154; x_wconf 89' lang='lat' dir='ltr'>quae</span> <span class='ocrx_word' id='word_1_46' title='bbox 1096 1067 1170 1154; x_wconf 87' lang='lat' dir='ltr'>ipsa</span> <span class='ocrx_word' id='word_1_47' title='bbox 1191 1068 1225 1132; x_wconf 91' lang='lat' dir='ltr'>in</span> 
     </span>
     <span class='ocr_line' id='line_1_8' title="bbox 97 1154 1223 1252; baseline 0.005 -26"><span class='ocrx_word' id='word_1_48' title='bbox 97 1185 267 1228; x_wconf 90' lang='lat' dir='ltr'>versuum</span> <span class='ocrx_word' id='word_1_49' title='bbox 288 1166 381 1231; x_wconf 92' lang='lat' dir='ltr'>initio</span> <span class='ocrx_word' id='word_1_50' title='bbox 404 1167 511 1252; x_wconf 90' lang='lat' dir='ltr'>posita</span> <span class='ocrx_word' id='word_1_51' title='bbox 533 1154 608 1232; x_wconf 84' lang='lat' dir='ltr'>sunt</span> <span class='ocrx_word' id='word_1_52' title='bbox 629 1165 741 1231; x_wconf 88' lang='lat' dir='ltr'>ultimo</span> <span class='ocrx_word' id='word_1_53' title='bbox 754 1185 878 1230; x_wconf 51' lang='lat' dir='ltr'>»versus</span> <span class='ocrx_word' id='word_1_54' title='bbox 894 1164 1114 1230; x_wconf 86' lang='lat' dir='ltr'>antecedentis</span> <span class='ocrx_word' id='word_1_55' title='bbox 1129 1189 1223 1232; x_wconf 91' lang='lat' dir='ltr'>voca-</span> 
     </span>
     <span class='ocr_line' id='line_1_9' title="bbox 95 1255 587 1331; baseline 0.01 -5"><span class='ocrx_word' id='word_1_56' title='bbox 95 1261 179 1328; x_wconf 94' lang='lat' dir='ltr'>bulo</span> <span class='ocrx_word' id='word_1_57' title='bbox 205 1274 350 1330; x_wconf 89' lang='lat' dir='ltr'>exeunte</span> <span class='ocrx_word' id='word_1_58' title='bbox 371 1255 405 1329; x_wconf 81' lang='lat' dir='ltr'>ic</span> <span class='ocrx_word' id='word_1_59' title='bbox 426 1265 587 1331; x_wconf 76' lang='lat' dir='ltr'><strong>vocalem:</strong></span> 
     </span>
    </p>

    <p class='ocr_par' dir='ltr' id='par_1_5' title="bbox 140 1352 1224 1447">
     <span class='ocr_line' id='line_1_10' title="bbox 140 1352 1224 1447; baseline 0.002 -21"><span class='ocrx_word' id='word_1_60' title='bbox 140 1361 196 1426; x_wconf 77' lang='lat' dir='ltr'>El.</span> <span class='ocrx_word' id='word_1_61' title='bbox 215 1369 294 1430; x_wconf 84' lang='lat'>715:</span> <span class='ocrx_word' id='word_1_62' title='bbox 316 1355 410 1442; x_wconf 77' lang='grc' dir='ltr'>(δ’νισ)</span> <span class='ocrx_word' id='word_1_63' title='bbox 437 1356 624 1447; x_wconf 72' lang='grc' dir='ltr'><em>Φορεῖδ’·</em></span> <span class='ocrx_word' id='word_1_64' title='bbox 648 1358 731 1444; x_wconf 80' lang='grc' dir='ltr'><em>ὁμοῦ</em></span> <span class='ocrx_word' id='word_1_65' title='bbox 756 1357 793 1425; x_wconf 83' lang='grc' dir='ltr'>δὲ</span> <span class='ocrx_word' id='word_1_66' title='bbox 815 1355 937 1437; x_wconf 82' lang='grc' dir='ltr'><em>πάντες</em></span> <span class='ocrx_word' id='word_1_67' title='bbox 958 1352 1224 1444; x_wconf 75' lang='grc' dir='ltr'><em>ἀναμεμιγμένοι</em></span> 
     </span>
    </p>

    <p class='ocr_par' dir='ltr' id='par_1_6' title="bbox 139 1454 1180 1544">
     <span class='ocr_line' id='line_1_11' title="bbox 139 1454 1180 1544; baseline 0.002 -19"><span class='ocrx_word' id='word_1_68' title='bbox 139 1459 195 1526; x_wconf 85' lang='grc' dir='ltr'>ΕΙ.</span> <span class='ocrx_word' id='word_1_69' title='bbox 223 1468 303 1530; x_wconf 85' lang='lat'>716:</span> <span class='ocrx_word' id='word_1_70' title='bbox 330 1456 534 1527; x_wconf 77' lang='grc' dir='ltr'><em>Φεόδοντο</em></span> <span class='ocrx_word' id='word_1_71' title='bbox 556 1460 694 1544; x_wconf 79' lang='grc' dir='ltr'><em>κένσριον</em></span> <span class='ocrx_word' id='word_1_72' title='bbox 717 1454 824 1537; x_wconf 80' lang='grc' dir='ltr'><em>οὐδὲν,</em></span> <span class='ocrx_word' id='word_1_73' title='bbox 850 1455 895 1536; x_wconf 81' lang='grc' dir='ltr'>ὡς</span> <span class='ocrx_word' id='word_1_74' title='bbox 917 1454 1104 1542; x_wconf 80' lang='grc' dir='ltr'><em>ὑπερβάλοι</em></span> <span class='ocrx_word' id='word_1_75' title='bbox 1126 1471 1180 1527; x_wconf 91' lang='lat' dir='ltr'>ctt.</span> 
     </span>
    </p>

    <p class='ocr_par' dir='ltr' id='par_1_7' title="bbox 97 1554 1319 1741">
     <span class='ocr_line' id='line_1_12' title="bbox 141 1554 1224 1647; baseline -0.002 -21"><span class='ocrx_word' id='word_1_76' title='bbox 141 1559 221 1627; x_wconf 79' lang='lat'>00.</span> <span class='ocrx_word' id='word_1_77' title='bbox 250 1568 344 1630; x_wconf 80' lang='lat'>1606:</span> <span class='ocrx_word' id='word_1_78' title='bbox 372 1555 513 1646; x_wconf 78' lang='grc' dir='ltr'>(ἐφίετο)</span> <span class='ocrx_word' id='word_1_79' title='bbox 534 1556 728 1647; x_wconf 82' lang='grc' dir='ltr'><em>Κοόπησε</em></span> <span class='ocrx_word' id='word_1_80' title='bbox 756 1555 817 1641; x_wconf 82' lang='grc' dir='ltr'>μὲν</span> <span class='ocrx_word' id='word_1_81' title='bbox 838 1557 922 1636; x_wconf 82' lang='grc' dir='ltr'><em>Ζεὺς</em></span> <span class='ocrx_word' id='word_1_82' title='bbox 941 1555 1096 1638; x_wconf 70' lang='grc' dir='ltr'><em>χθόνιος,</em></span> <span class='ocrx_word' id='word_1_83' title='bbox 1132 1554 1166 1624; x_wconf 81' lang='grc' dir='ltr'>αὶ</span> <span class='ocrx_word' id='word_1_84' title='bbox 1188 1555 1224 1624; x_wconf 77' lang='grc' dir='ltr'>δὲ</span> 
     </span>
     <span class='ocr_line' id='line_1_13' title="bbox 97 1652 1319 1741; baseline 0.003 -22"><span class='ocrx_word' id='word_1_85' title='bbox 97 1654 284 1741; x_wconf 75' lang='grc' dir='ltr'><em>παρθένοι</em></span> <span class='ocrx_word' id='word_1_86' title='bbox 1316 1652 1319 1663; x_wconf 79' lang='grc'><strong>’</strong></span> 
     </span>
    </p>

    <p class='ocr_par' dir='ltr' id='par_1_8' title="bbox 141 1751 1174 1846">
     <span class='ocr_line' id='line_1_14' title="bbox 141 1751 1174 1846; baseline 0 -22"><span class='ocrx_word' id='word_1_87' title='bbox 141 1757 218 1825; x_wconf 83' lang='lat' dir='ltr'>OC.</span> <span class='ocrx_word' id='word_1_88' title='bbox 249 1766 341 1828; x_wconf 84' lang='lat'>1607:</span> <span class='ocrx_word' id='word_1_89' title='bbox 360 1753 567 1846; x_wconf 76' lang='grc' dir='ltr'><em>Ῥίγησαν,</em></span> <span class='ocrx_word' id='word_1_90' title='bbox 593 1753 638 1836; x_wconf 81' lang='grc' dir='ltr'>ὡς</span> <span class='ocrx_word' id='word_1_91' title='bbox 658 1752 815 1846; x_wconf 71' lang='grc' dir='ltr'><em>ἤκουσαν·</em></span> <span class='ocrx_word' id='word_1_92' title='bbox 841 1754 874 1834; x_wconf 78' lang='grc' dir='ltr'>ἐς</span> <span class='ocrx_word' id='word_1_93' title='bbox 896 1752 932 1820; x_wconf 77' lang='grc' dir='ltr'>δὲ</span> <span class='ocrx_word' id='word_1_94' title='bbox 955 1751 1096 1840; x_wconf 80' lang='grc' dir='ltr'><em>γούνατα</em></span> <span class='ocrx_word' id='word_1_95' title='bbox 1119 1768 1174 1824; x_wconf 91' lang='lat' dir='ltr'>ctt.</span> 
     </span>
    </p>

    <p class='ocr_par' dir='ltr' id='par_1_9' title="bbox 140 1850 1222 1940">
     <span class='ocr_line' id='line_1_15' title="bbox 140 1850 1222 1940; baseline 0.001 -20"><span class='ocrx_word' id='word_1_96' title='bbox 140 1857 205 1924; x_wconf 85' lang='lat' dir='ltr'>Tr.</span> <span class='ocrx_word' id='word_1_97' title='bbox 233 1864 311 1926; x_wconf 87' lang='lat'>904:</span> <span class='ocrx_word' id='word_1_98' title='bbox 339 1850 479 1937; x_wconf 77' lang='grc' dir='ltr'><em>(ελςίδσι)</em></span> <span class='ocrx_word' id='word_1_99' title='bbox 501 1861 686 1940; x_wconf 82' lang='grc' dir='ltr'><em>Βρυχᾶεο</em></span> <span class='ocrx_word' id='word_1_100' title='bbox 712 1855 773 1940; x_wconf 81' lang='grc' dir='ltr'>μὲν</span> <span class='ocrx_word' id='word_1_101' title='bbox 800 1860 945 1940; x_wconf 78' lang='grc' dir='ltr'><em>βωμοῖσι</em></span> <span class='ocrx_word' id='word_1_102' title='bbox 975 1850 1222 1938; x_wconf 78' lang='grc' dir='ltr'><em>προςπόπτσυσ’</em></span> 
     </span>
    </p>

    <p class='ocr_par' dir='ltr' id='par_1_10' title="bbox 100 1949 1224 2135">
     <span class='ocr_line' id='line_1_16' title="bbox 143 1949 1224 2042; baseline -0.003 -21"><span class='ocrx_word' id='word_1_103' title='bbox 143 1956 204 2023; x_wconf 86' lang='lat' dir='ltr'>Tr.</span> <span class='ocrx_word' id='word_1_104' title='bbox 223 1964 301 2026; x_wconf 87' lang='lat'><strong>915:</strong></span> <span class='ocrx_word' id='word_1_105' title='bbox 324 1952 590 2042; x_wconf 77' lang='grc' dir='ltr'><em>(δπεσκιασμένη)</em></span> <span class='ocrx_word' id='word_1_106' title='bbox 617 1950 846 2041; x_wconf 79' lang='grc' dir='ltr'><em>Φραόρουν·</em></span> <span class='ocrx_word' id='word_1_107' title='bbox 869 1949 936 2036; x_wconf 77' lang='grc' dir='ltr'>ὁρῶ</span> <span class='ocrx_word' id='word_1_108' title='bbox 960 1950 997 2018; x_wconf 83' lang='grc' dir='ltr'>δὲ</span> <span class='ocrx_word' id='word_1_109' title='bbox 1015 1949 1070 2042; x_wconf 80' lang='grc' dir='ltr'>τὴν</span> <span class='ocrx_word' id='word_1_110' title='bbox 1087 1957 1224 2036; x_wconf 76' lang='grc' dir='ltr'><em>γυναῖκα</em></span> 
     </span>
     <span class='ocr_line' id='line_1_17' title="bbox 100 2049 335 2135; baseline 0.026 -19"><span class='ocrx_word' id='word_1_111' title='bbox 100 2049 261 2135; x_wconf 78' lang='grc' dir='ltr'><em>δεμνίοις</em></span> <span class='ocrx_word' id='word_1_112' title='bbox 282 2066 335 2122; x_wconf 90' lang='lat' dir='ltr'>ctt.</span> 
     </span>
    </p>

    <p class='ocr_par' dir='ltr' id='par_1_11' title="bbox 101 2152 1226 3430">
     <span class='ocr_line' id='line_1_18' title="bbox 190 2152 1224 2244; baseline 0 -24"><span class='ocrx_word' id='word_1_113' title='bbox 190 2154 261 2220; x_wconf 83' lang='lat' dir='ltr'>Sed</span> <span class='ocrx_word' id='word_1_114' title='bbox 283 2177 324 2220; x_wconf 87' lang='lat' dir='ltr'>na</span> <span class='ocrx_word' id='word_1_115' title='bbox 344 2159 378 2222; x_wconf 90' lang='lat' dir='ltr'>in</span> <span class='ocrx_word' id='word_1_116' title='bbox 398 2156 447 2221; x_wconf 89' lang='lat' dir='ltr'>his</span> <span class='ocrx_word' id='word_1_117' title='bbox 470 2155 600 2244; x_wconf 87' lang='lat' dir='ltr'>quidem</span> <span class='ocrx_word' id='word_1_118' title='bbox 619 2153 777 2240; x_wconf 87' lang='lat' dir='ltr'>exemplis</span> <span class='ocrx_word' id='word_1_119' title='bbox 794 2152 971 2218; x_wconf 85' lang='lat' dir='ltr'>verisimile</span> <span class='ocrx_word' id='word_1_120' title='bbox 987 2163 1051 2237; x_wconf 91' lang='lat' dir='ltr'>est,</span> <span class='ocrx_word' id='word_1_121' title='bbox 1072 2175 1224 2241; x_wconf 89' lang='lat' dir='ltr'>augmen·</span> 
     </span>
     <span class='ocr_line' id='line_1_19' title="bbox 101 2252 1226 2342; baseline -0.001 -25"><span class='ocrx_word' id='word_1_122' title='bbox 101 2261 174 2318; x_wconf 90' lang='lat' dir='ltr'>tum</span> <span class='ocrx_word' id='word_1_123' title='bbox 191 2263 252 2319; x_wconf 88' lang='lat' dir='ltr'>aut</span> <span class='ocrx_word' id='word_1_124' title='bbox 265 2267 400 2342; x_wconf 90' lang='lat' dir='ltr'>propter</span> <span class='ocrx_word' id='word_1_125' title='bbox 416 2255 653 2342; x_wconf 82' lang='lat' dir='ltr'>diphthongum</span> <span class='ocrx_word' id='word_1_126' title='bbox 674 2261 757 2341; x_wconf 86' lang='lat' dir='ltr'>quae</span> <span class='ocrx_word' id='word_1_127' title='bbox 771 2253 935 2328; x_wconf 73' lang='lat' dir='ltr'>antecedit</span> <span class='ocrx_word' id='word_1_128' title='bbox 956 2252 1069 2318; x_wconf 90' lang='lat' dir='ltr'>elisum</span> <span class='ocrx_word' id='word_1_129' title='bbox 1084 2275 1155 2316; x_wconf 85' lang='lat' dir='ltr'>esse</span> <span class='ocrx_word' id='word_1_130' title='bbox 1170 2261 1226 2317; x_wconf 90' lang='lat' dir='ltr'>aut</span> 
     </span>
     <span class='ocr_line' id='line_1_20' title="bbox 102 2351 1224 2442; baseline 0.001 -26"><span class='ocrx_word' id='word_1_131' title='bbox 102 2374 178 2417; x_wconf 88' lang='lat' dir='ltr'>cum</span> <span class='ocrx_word' id='word_1_132' title='bbox 204 2375 247 2418; x_wconf 90' lang='lat' dir='ltr'>ea</span> <span class='ocrx_word' id='word_1_133' title='bbox 268 2353 469 2442; x_wconf 88' lang='lat' dir='ltr'>diphthongo</span> <span class='ocrx_word' id='word_1_134' title='bbox 493 2356 579 2420; x_wconf 88' lang='lat' dir='ltr'>crasi</span> <span class='ocrx_word' id='word_1_135' title='bbox 600 2352 773 2434; x_wconf 80' lang='lat' dir='ltr'>coaluisse,</span> <span class='ocrx_word' id='word_1_136' title='bbox 796 2354 916 2440; x_wconf 92' lang='lat' dir='ltr'>quippe</span> <span class='ocrx_word' id='word_1_137' title='bbox 939 2373 1021 2439; x_wconf 87' lang='lat' dir='ltr'>quae</span> <span class='ocrx_word' id='word_1_138' title='bbox 1043 2354 1111 2416; x_wconf 86' lang='lat' dir='ltr'>sive</span> <span class='ocrx_word' id='word_1_139' title='bbox 1133 2351 1224 2417; x_wconf 83' lang='lat' dir='ltr'>elisio</span> 
     </span>
     <span class='ocr_line' id='line_1_21' title="bbox 103 2450 1224 2540; baseline 0 -26"><span class='ocrx_word' id='word_1_140' title='bbox 103 2452 176 2516; x_wconf 88' lang='lat' dir='ltr'>sive</span> <span class='ocrx_word' id='word_1_141' title='bbox 191 2453 299 2517; x_wconf 86' lang='lat' dir='ltr'>erasis</span> <span class='ocrx_word' id='word_1_142' title='bbox 310 2455 393 2518; x_wconf 91' lang='lat' dir='ltr'>inter</span> <span class='ocrx_word' id='word_1_143' title='bbox 405 2451 485 2518; x_wconf 87' lang='lat' dir='ltr'>duos</span> <span class='ocrx_word' id='word_1_144' title='bbox 496 2475 610 2518; x_wconf 87' lang='lat' dir='ltr'>versus</span> <span class='ocrx_word' id='word_1_145' title='bbox 624 2473 758 2540; x_wconf 86' lang='lat' dir='ltr'>prorsus</span> <span class='ocrx_word' id='word_1_146' title='bbox 777 2454 819 2517; x_wconf 93' lang='lat' dir='ltr'>sit</span> <span class='ocrx_word' id='word_1_147' title='bbox 831 2451 988 2522; x_wconf 86' lang='lat' dir='ltr'>inaudita.</span> <span class='ocrx_word' id='word_1_148' title='bbox 1017 2450 1163 2532; x_wconf 83' lang='lat' dir='ltr'>Accedit,</span> <span class='ocrx_word' id='word_1_149' title='bbox 1177 2450 1224 2515; x_wconf 92' lang='lat' dir='ltr'>id-</span> 
     </span>
     <span class='ocr_line' id='line_1_22' title="bbox 104 2549 1224 2639; baseline -0.001 -25"><span class='ocrx_word' id='word_1_150' title='bbox 104 2571 169 2634; x_wconf 89' lang='lat' dir='ltr'>que</span> <span class='ocrx_word' id='word_1_151' title='bbox 194 2553 428 2636; x_wconf 87' lang='lat' dir='ltr'>gravissimum</span> <span class='ocrx_word' id='word_1_152' title='bbox 448 2562 497 2617; x_wconf 90' lang='lat' dir='ltr'>est</span> <span class='ocrx_word' id='word_1_153' title='bbox 518 2553 653 2618; x_wconf 90' lang='lat' dir='ltr'>inomni</span> <span class='ocrx_word' id='word_1_154' title='bbox 674 2551 736 2616; x_wconf 90' lang='lat' dir='ltr'>hac</span> <span class='ocrx_word' id='word_1_155' title='bbox 758 2551 988 2639; x_wconf 86' lang='lat' dir='ltr'>disputatione,</span> <span class='ocrx_word' id='word_1_156' title='bbox 1005 2549 1092 2638; x_wconf 91' lang='lat' dir='ltr'>quod</span> <span class='ocrx_word' id='word_1_157' title='bbox 1113 2571 1224 2614; x_wconf 89' lang='lat' dir='ltr'>omnes</span> 
     </span>
     <span class='ocr_line' id='line_1_23' title="bbox 105 2648 1225 2756; baseline 0.001 -44"><span class='ocrx_word' id='word_1_158' title='bbox 105 2648 154 2712; x_wconf 90' lang='lat' dir='ltr'>illi</span> <span class='ocrx_word' id='word_1_159' title='bbox 168 2671 288 2714; x_wconf 89' lang='lat' dir='ltr'>versus</span> <span class='ocrx_word' id='word_1_160' title='bbox 304 2673 383 2738; x_wconf 91' lang='lat' dir='ltr'>quos</span> <span class='ocrx_word' id='word_1_161' title='bbox 398 2650 493 2716; x_wconf 90' lang='lat' dir='ltr'>modo</span> <span class='ocrx_word' id='word_1_162' title='bbox 509 2651 683 2732; x_wconf 83' lang='lat' dir='ltr'>attulimus,</span> <span class='ocrx_word' id='word_1_163' title='bbox 699 2673 716 2716; x_wconf 87' lang='lat' dir='ltr'>e</span> <span class='ocrx_word' id='word_1_164' title='bbox 738 2650 1054 2716; x_wconf 82' lang='lat' dir='ltr'>narrationibus</span> <span class='ocrx_word' id='word_1_165' title='bbox 1076 2659 1225 2756; x_wconf 77' lang='lat' dir='ltr'>sumptae</span> 
     </span>
     <span class='ocr_line' id='line_1_24' title="bbox 105 2751 1224 2837; baseline 0.001 -26"><span class='ocrx_word' id='word_1_166' title='bbox 105 2763 198 2830; x_wconf 88' lang='lat' dir='ltr'>sunt,</span> <span class='ocrx_word' id='word_1_167' title='bbox 240 2771 323 2835; x_wconf 90' lang='lat' dir='ltr'>quaa</span> <span class='ocrx_word' id='word_1_168' title='bbox 355 2759 472 2816; x_wconf 87' lang='lat' dir='ltr'>natura</span> <span class='ocrx_word' id='word_1_169' title='bbox 506 2773 579 2815; x_wconf 90' lang='lat' dir='ltr'>cum</span> <span class='ocrx_word' id='word_1_170' title='bbox 610 2751 704 2836; x_wconf 89' lang='lat' dir='ltr'>epica</span> <span class='ocrx_word' id='word_1_171' title='bbox 738 2751 864 2815; x_wconf 90' lang='lat' dir='ltr'>ratione</span> <span class='ocrx_word' id='word_1_172' title='bbox 896 2751 1031 2837; x_wconf 85' lang='lat' dir='ltr'>propius</span> <span class='ocrx_word' id='word_1_173' title='bbox 1066 2757 1224 2834; x_wconf 85' lang='lat' dir='ltr'>cognatae</span> 
     </span>
     <span class='ocr_line' id='line_1_25' title="bbox 106 2847 1223 2935; baseline 0.003 -27"><span class='ocrx_word' id='word_1_174' title='bbox 106 2857 193 2914; x_wconf 88' lang='lat' dir='ltr'>sunt.</span> <span class='ocrx_word' id='word_1_175' title='bbox 245 2847 334 2929; x_wconf 76' lang='lat' dir='ltr'>Quid</span> <span class='ocrx_word' id='word_1_176' title='bbox 365 2857 413 2914; x_wconf 87' lang='lat' dir='ltr'>est</span> <span class='ocrx_word' id='word_1_177' title='bbox 445 2851 544 2935; x_wconf 82' lang='lat' dir='ltr'>igitur</span> <span class='ocrx_word' id='word_1_178' title='bbox 580 2869 638 2912; x_wconf 89' lang='lat' dir='ltr'>cur</span> <span class='ocrx_word' id='word_1_179' title='bbox 668 2871 709 2912; x_wconf 87' lang='lat' dir='ltr'>ex</span> <span class='ocrx_word' id='word_1_180' title='bbox 743 2848 806 2913; x_wconf 92' lang='lat' dir='ltr'>hac</span> <span class='ocrx_word' id='word_1_181' title='bbox 838 2849 911 2935; x_wconf 89' lang='lat' dir='ltr'>ipsa</span> <span class='ocrx_word' id='word_1_182' title='bbox 944 2871 1015 2914; x_wconf 90' lang='lat' dir='ltr'>cum</span> <span class='ocrx_word' id='word_1_183' title='bbox 1047 2847 1223 2913; x_wconf 87' lang='lat' dir='ltr'>Homerico</span> 
     </span>
     <span class='ocr_line' id='line_1_26' title="bbox 105 2946 1222 3034; baseline 0.002 -26"><span class='ocrx_word' id='word_1_184' title='bbox 105 2947 269 3012; x_wconf 89' lang='lat' dir='ltr'>narrandi</span> <span class='ocrx_word' id='word_1_185' title='bbox 305 2970 423 3034; x_wconf 87' lang='lat' dir='ltr'>genere</span> <span class='ocrx_word' id='word_1_186' title='bbox 460 2947 698 3013; x_wconf 86' lang='lat' dir='ltr'>necessitudine</span> <span class='ocrx_word' id='word_1_187' title='bbox 734 2946 824 3012; x_wconf 89' lang='lat' dir='ltr'>illam</span> <span class='ocrx_word' id='word_1_188' title='bbox 864 2969 990 3033; x_wconf 91' lang='lat' dir='ltr'>quoque</span> <span class='ocrx_word' id='word_1_189' title='bbox 1030 2948 1116 3034; x_wconf 91' lang='lat' dir='ltr'>epici</span> <span class='ocrx_word' id='word_1_190' title='bbox 1158 2967 1222 3011; x_wconf 89' lang='lat' dir='ltr'>ser·</span> 
     </span>
     <span class='ocr_line' id='line_1_27' title="bbox 107 3045 1223 3134; baseline 0 -26"><span class='ocrx_word' id='word_1_191' title='bbox 107 3048 218 3111; x_wconf 91' lang='lat' dir='ltr'>monis</span> <span class='ocrx_word' id='word_1_192' title='bbox 241 3049 472 3134; x_wconf 81' lang='lat' dir='ltr'>proprietatem</span> <span class='ocrx_word' id='word_1_193' title='bbox 494 3048 689 3128; x_wconf 86' lang='lat' dir='ltr'>effloruisse,</span> <span class='ocrx_word' id='word_1_194' title='bbox 710 3045 888 3132; x_wconf 82' lang='lat' dir='ltr'>negemus?</span> <span class='ocrx_word' id='word_1_195' title='bbox 933 3045 1028 3126; x_wconf 77' lang='lat' dir='ltr'>Quod</span> <span class='ocrx_word' id='word_1_196' title='bbox 1048 3048 1076 3112; x_wconf 91' lang='lat' dir='ltr'>si</span> <span class='ocrx_word' id='word_1_197' title='bbox 1096 3047 1143 3110; x_wconf 90' lang='lat' dir='ltr'>ita</span> <span class='ocrx_word' id='word_1_198' title='bbox 1165 3053 1223 3126; x_wconf 87' lang='lat' dir='ltr'>cst,</span> 
     </span>
     <span class='ocr_line' id='line_1_28' title="bbox 107 3143 1223 3230; baseline 0.002 -24"><span class='ocrx_word' id='word_1_199' title='bbox 107 3143 207 3210; x_wconf 79' lang='lat' dir='ltr'>facile</span> <span class='ocrx_word' id='word_1_200' title='bbox 241 3144 446 3230; x_wconf 87' lang='lat' dir='ltr'>adducimur,</span> <span class='ocrx_word' id='word_1_201' title='bbox 480 3156 517 3212; x_wconf 91' lang='lat' dir='ltr'>ut</span> <span class='ocrx_word' id='word_1_202' title='bbox 542 3149 637 3212; x_wconf 87' lang='lat' dir='ltr'>etiam</span> <span class='ocrx_word' id='word_1_203' title='bbox 668 3148 702 3210; x_wconf 91' lang='lat' dir='ltr'>in</span> <span class='ocrx_word' id='word_1_204' title='bbox 729 3144 844 3210; x_wconf 87' lang='lat' dir='ltr'>mediis</span> <span class='ocrx_word' id='word_1_205' title='bbox 867 3145 1017 3211; x_wconf 86' lang='lat' dir='ltr'>versibus</span> <span class='ocrx_word' id='word_1_206' title='bbox 1043 3144 1130 3212; x_wconf 90' lang='lat' dir='ltr'>idem</span> <span class='ocrx_word' id='word_1_207' title='bbox 1152 3165 1223 3208; x_wconf 90' lang='lat' dir='ltr'>eve·</span> 
     </span>
     <span class='ocr_line' id='line_1_29' title="bbox 107 3243 1222 3333; baseline 0.002 -27"><span class='ocrx_word' id='word_1_208' title='bbox 107 3246 198 3310; x_wconf 88' lang='lat' dir='ltr'>nisse</span> <span class='ocrx_word' id='word_1_209' title='bbox 230 3245 461 3328; x_wconf 88' lang='lat' dir='ltr'>concedamus,</span> <span class='ocrx_word' id='word_1_210' title='bbox 494 3287 533 3298; x_wconf 94' lang='lat'><em>-</em></span> <span class='ocrx_word' id='word_1_211' title='bbox 571 3245 668 3333; x_wconf 90' lang='lat' dir='ltr'>idque</span> <span class='ocrx_word' id='word_1_212' title='bbox 706 3252 777 3310; x_wconf 88' lang='lat' dir='ltr'>erat</span> <span class='ocrx_word' id='word_1_213' title='bbox 806 3244 936 3309; x_wconf 87' lang='lat' dir='ltr'>tertium</span> <span class='ocrx_word' id='word_1_214' title='bbox 967 3243 1082 3310; x_wconf 89' lang='lat' dir='ltr'>horum</span> <span class='ocrx_word' id='word_1_215' title='bbox 1114 3263 1222 3310; x_wconf 82' lang='lat' dir='ltr'>exem-</span> 
     </span>
     <span class='ocr_line' id='line_1_30' title="bbox 108 3340 379 3430; baseline 0.015 -24"><span class='ocrx_word' id='word_1_216' title='bbox 108 3340 241 3426; x_wconf 91' lang='lat' dir='ltr'>plorum</span> <span class='ocrx_word' id='word_1_217' title='bbox 262 3367 379 3430; x_wconf 89' lang='lat' dir='ltr'>genus:</span> 
     </span>
    </p>

    <p class='ocr_par' dir='ltr' id='par_1_12' title="bbox 149 3434 1046 3524">
     <span class='ocr_line' id='line_1_31' title="bbox 149 3434 1046 3524; baseline -0.006 -17"><span class='ocrx_word' id='word_1_218' title='bbox 149 3441 242 3509; x_wconf 90' lang='lat' dir='ltr'>Pers.</span> <span class='ocrx_word' id='word_1_219' title='bbox 266 3449 341 3512; x_wconf 83' lang='lat'>310:</span> <span class='ocrx_word' id='word_1_220' title='bbox 363 3436 540 3523; x_wconf 81' lang='grc' dir='ltr'><em>νικώμενοι</em></span> <span class='ocrx_word' id='word_1_221' title='bbox 561 3437 757 3524; x_wconf 85' lang='grc' dir='ltr'><em>κόρισσον</em></span> <span class='ocrx_word' id='word_1_222' title='bbox 778 3438 908 3520; x_wconf 81' lang='grc' dir='ltr'><em>ἰσχυρὰν</em></span> <span class='ocrx_word' id='word_1_223' title='bbox 927 3434 1046 3519; x_wconf 72' lang='grc' dir='ltr'><em>χθόνα.</em></span> 
     </span>
    </p>

    <p class='ocr_par' dir='ltr' id='par_1_13' title="bbox 150 3534 1221 3827">
     <span class='ocr_line' id='line_1_32' title="bbox 150 3534 1154 3626; baseline 0 -20"><span class='ocrx_word' id='word_1_224' title='bbox 150 3539 243 3608; x_wconf 76' lang='lat' dir='ltr'>Pers.</span> <span class='ocrx_word' id='word_1_225' title='bbox 267 3548 340 3611; x_wconf 81' lang='lat'>490:</span> <span class='ocrx_word' id='word_1_226' title='bbox 361 3545 464 3626; x_wconf 86' lang='grc' dir='ltr'><em>βορᾶς</em></span> <span class='ocrx_word' id='word_1_227' title='bbox 485 3536 643 3622; x_wconf 72' lang='grc' dir='ltr'><em>ἐδέξαντ’·</em></span> <span class='ocrx_word' id='word_1_228' title='bbox 663 3536 749 3606; x_wconf 73' lang='grc' dir='ltr'><em>ἔνθα</em></span> <span class='ocrx_word' id='word_1_229' title='bbox 772 3538 812 3626; x_wconf 76' lang='grc' dir='ltr'>δή</span> <span class='ocrx_word' id='word_1_230' title='bbox 838 3539 990 3604; x_wconf 83' lang='grc' dir='ltr'><em>πλεῖστοι</em></span> <span class='ocrx_word' id='word_1_231' title='bbox 1012 3534 1154 3606; x_wconf 75' lang='grc' dir='ltr'><em>θάνον.</em></span> 
     </span>
     <span class='ocr_line' id='line_1_33' title="bbox 152 3633 1221 3726; baseline -0.002 -20"><span class='ocrx_word' id='word_1_232' title='bbox 152 3639 335 3710; x_wconf 80' lang='lat'>00.1602:</span> <span class='ocrx_word' id='word_1_233' title='bbox 356 3643 449 3720; x_wconf 78' lang='grc' dir='ltr'><em>ταχεῖ</em></span> <span class='ocrx_word' id='word_1_234' title='bbox 468 3636 675 3726; x_wconf 82' lang='grc' dir='ltr'><em>πόρευσαν</em></span> <span class='ocrx_word' id='word_1_235' title='bbox 697 3638 755 3705; x_wconf 78' lang='grc' dir='ltr'>σὺν</span> <span class='ocrx_word' id='word_1_236' title='bbox 766 3634 884 3726; x_wconf 81' lang='grc' dir='ltr'><em>χρόνῳ,</em></span> <span class='ocrx_word' id='word_1_237' title='bbox 910 3637 1062 3723; x_wconf 79' lang='grc' dir='ltr'><em>λουτροῖς</em></span> <span class='ocrx_word' id='word_1_238' title='bbox 1075 3633 1112 3701; x_wconf 82' lang='grc' dir='ltr'>ιε’</span> <span class='ocrx_word' id='word_1_239' title='bbox 1125 3661 1221 3704; x_wconf 90' lang='grc' dir='ltr'><em>νιν...</em></span> 
     </span>
     <span class='ocr_line' id='line_1_34' title="bbox 154 3732 1135 3827; baseline -0.001 -24"><span class='ocrx_word' id='word_1_240' title='bbox 154 3737 210 3806; x_wconf 87' lang='lat' dir='ltr'>Tr.</span> <span class='ocrx_word' id='word_1_241' title='bbox 233 3746 310 3809; x_wconf 86' lang='lat'>905:</span> <span class='ocrx_word' id='word_1_242' title='bbox 333 3732 452 3823; x_wconf 75' lang='grc' dir='ltr'><em>γένοιτ’</em></span> <span class='ocrx_word' id='word_1_243' title='bbox 478 3736 590 3827; x_wconf 77' lang='grc' dir='ltr'><em>ἐρήμη,</em></span> <span class='ocrx_word' id='word_1_244' title='bbox 613 3739 734 3804; x_wconf 84' lang='grc' dir='ltr'><em>κλαῖε</em></span> <span class='ocrx_word' id='word_1_245' title='bbox 757 3732 790 3803; x_wconf 80' lang='grc' dir='ltr'>δ’</span> <span class='ocrx_word' id='word_1_246' title='bbox 815 3732 962 3823; x_wconf 82' lang='grc' dir='ltr'><em>ὀργάνων</em></span> <span class='ocrx_word' id='word_1_247' title='bbox 983 3733 1059 3803; x_wconf 86' lang='grc' dir='ltr'><em>ὅτου</em></span> <span class='ocrx_word' id='word_1_248' title='bbox 1080 3746 1135 3802; x_wconf 85' lang='lat' dir='ltr'>ctt.</span> 
     </span>
    </p>

    <p class='ocr_par' dir='ltr' id='par_1_14' title="bbox 111 3835 1221 4020">
     <span class='ocr_line' id='line_1_35' title="bbox 194 3835 1221 3928; baseline -0.004 -24"><span class='ocrx_word' id='word_1_249' title='bbox 194 3839 310 3906; x_wconf 90' lang='lat' dir='ltr'>Adicio</span> <span class='ocrx_word' id='word_1_250' title='bbox 330 3841 479 3928; x_wconf 86' lang='lat' dir='ltr'>exempla</span> <span class='ocrx_word' id='word_1_251' title='bbox 500 3865 564 3907; x_wconf 92' lang='lat' dir='ltr'>non</span> <span class='ocrx_word' id='word_1_252' title='bbox 585 3835 708 3928; x_wconf 82' lang='grc' dir='ltr'><em>ῥήσεων</em></span> <span class='ocrx_word' id='word_1_253' title='bbox 730 3835 920 3922; x_wconf 78' lang='grc' dir='ltr'><em>ἀμμελικών,</em></span> <span class='ocrx_word' id='word_1_254' title='bbox 945 3849 979 3904; x_wconf 90' lang='lat' dir='ltr'>at</span> <span class='ocrx_word' id='word_1_255' title='bbox 1000 3839 1221 3902; x_wconf 91' lang='lat' dir='ltr'>narrationum</span> 
     </span>
     <span class='ocr_line' id='line_1_36' title="bbox 111 3930 1164 4020; baseline -0.001 -20"><span class='ocrx_word' id='word_1_256' title='bbox 111 3932 205 4003; x_wconf 91' lang='lat' dir='ltr'>haec:</span> <span class='ocrx_word' id='word_1_257' title='bbox 226 3939 278 4004; x_wconf 82' lang='grc' dir='ltr'>Αἰ.</span> <span class='ocrx_word' id='word_1_258' title='bbox 299 3946 373 4009; x_wconf 82' lang='lat'>308:</span> <span class='ocrx_word' id='word_1_259' title='bbox 395 3934 521 4016; x_wconf 84' lang='grc' dir='ltr'><em>παίσας</em></span> <span class='ocrx_word' id='word_1_260' title='bbox 541 3933 625 4020; x_wconf 87' lang='grc' dir='ltr'><em>κόρα</em></span> <span class='ocrx_word' id='word_1_261' title='bbox 646 3933 819 4019; x_wconf 69' lang='grc' dir='ltr'><em>θεόσξεν·</em></span> <span class='ocrx_word' id='word_1_262' title='bbox 841 3935 874 4002; x_wconf 77' lang='grc' dir='ltr'>ἐν</span> <span class='ocrx_word' id='word_1_263' title='bbox 895 3930 930 4002; x_wconf 81' lang='grc' dir='ltr'>δ’</span> <span class='ocrx_word' id='word_1_264' title='bbox 956 3930 1164 4020; x_wconf 69' lang='lat' dir='ltr'>iocantem...</span> 
     </span>
    </p>

    <p class='ocr_par' dir='ltr' id='par_1_15' title="bbox 153 4031 1097 4126">
     <span class='ocr_line' id='line_1_37' title="bbox 153 4031 1097 4126; baseline 0.005 -25"><span class='ocrx_word' id='word_1_265' title='bbox 153 4035 235 4103; x_wconf 90' lang='lat' dir='ltr'>Phil.</span> <span class='ocrx_word' id='word_1_266' title='bbox 257 4043 332 4108; x_wconf 80' lang='lat'>360:</span> <span class='ocrx_word' id='word_1_267' title='bbox 356 4033 429 4103; x_wconf 77' lang='grc' dir='ltr'><em>ἐπεὶ</em></span> <span class='ocrx_word' id='word_1_268' title='bbox 452 4032 639 4121; x_wconf 79' lang='grc' dir='ltr'><em>δάκρυσα</em></span> <span class='ocrx_word' id='word_1_269' title='bbox 660 4039 767 4104; x_wconf 89' lang='grc' dir='ltr'><em>κεῖνον</em></span> <span class='ocrx_word' id='word_1_270' title='bbox 789 4031 827 4103; x_wconf 83' lang='grc' dir='ltr'>οὐ</span> <span class='ocrx_word' id='word_1_271' title='bbox 848 4039 968 4124; x_wconf 75' lang='grc' dir='ltr'><em>μακρῷ</em></span> <span class='ocrx_word' id='word_1_272' title='bbox 984 4033 1097 4126; x_wconf 78' lang='grc' dir='ltr'><em>χρόνῳ.</em></span> 
     </span>
    </p>
   </div>
   <div class='ocr_carea' id='block_1_4' title="bbox 0 0 1565 4966">
    <p class='ocr_par' dir='ltr' id='par_1_16' title="bbox 0 0 1565 4966">
     <span class='ocr_line' id='line_1_38' title="bbox 0 0 1565 4966; baseline 0 0"><span class='ocrx_word' id='word_1_273' title='bbox 0 0 1565 4966; x_wconf 95' lang='lat' dir='ltr'> </span> 
     </span>
    </p>
   </div>
  </div>
 </body>
</html>
