3056 4968
863 473 926 535 loo

402 656 472 720 Qua
493 675 534 712 mc
553 662 682 730 propter
698 655 896 714 exanimatam
911 653 1006 715 citius
1028 651 1118 710 eduxi
1131 656 1237 725 sorae,

335 773 431 835 quem
442 749 547 816 locum
557 771 727 836 compares
735 769 808 814 cum
817 749 981 836 scriptura
990 747 1047 817 illa
1058 753 1127 829 (pao
1139 751 1231 821 cerea)
1240 744 1325 829 legis
1333 742 1452 808 Iuliae.

398 847 527 916 Deinde
543 858 697 914 neutrum
713 849 915 934 pronominis
929 845 1176 917 demonstrativi
1191 845 1381 908 locfactnrn
1400 852 1454 906 cst

337 970 379 1012 ax
400 948 497 1013 *tod-
486 972 539 1013 mcc
573 946 689 1032 Longa
708 955 818 1015 autem
840 947 963 1014 vocalis
985 967 1138 1015 mensura
1159 953 1231 1012 orta
1251 951 1302 1011 est
1323 965 1364 1006 ex
1390 939 1451 1060 eli-

336 1047 444 1118 siouc
442 1052 656 1116 consoneat
1520 1051 1521 1054 ¹

850 1198 879 1275 ξ.
902 1200 930 1259 9.

398 1307 481 1376 Tum
503 1287 564 1377 hoc
585 1309 659 1376 loco
680 1311 818 1397 praefixi
839 1317 895 1373 red
914 1310 1107 1374 mentionem
1129 1311 1312 1394 interpono,

351 1393 436 1474 In
467 1409 735 1525 inscriptionibus
769 1423 800 1476 et
832 1409 1014 1476 veterrimis
1046 1407 1213 1472 codicibus
1246 1389 1416 1492 geminata
1442 1415 1453 1468 l

335 1511 457 1596 scripta
479 1509 660 1576 invenimus

346 1671 349 1680 ,
376 1612 554 1696 vrelliquiae
581 1619 613 1676 et
638 1613 754 1692 rellipio
785 1618 816 1672 et
845 1613 983 1670 rellatum
1010 1605 1040 1702 (l.
1063 1607 1195 1692 agraria
1217 1603 1253 1671 C.
1275 1601 1302 1670 I.
1319 1605 1443 1700 ,Latl
1442 1655 1450 1686 ,

335 1712 406 1788 200,
431 1711 485 1781 80;
507 1704 636 1774 Lucret.
658 1707 700 1790 Π,
726 1713 826 1785 1001).

395 1805 502 1892 Atqu'c
515 1806 696 1872 Corssenus
714 1806 843 1891 quidem
860 1803 913 1884 (de
927 1801 1104 1894 'pronunt.²
1120 1827 1150 1892 p.
1162 1807 1251 1882 227.)
1261 1803 1397 1888 negavit
1417 1803 1448 1866 in
1520 1817 1521 1888 ι

332 1903 511 1972 verbist
452 1911 523 1968 rell
512 1909 610 1988 epulae
624 1909 781 1988 etrellr'plo
799 1907 942 1992 priorem
958 1903 1115 1990 liquidam
1127 1925 1198 1968 esse
1214 1900 1447 1966 assimilatione
1520 1889 1521 1946 i

335 2005 523 2096 confectam,
534 2003 648 2094 quod
635 2027 795 2118 nusquam
806 2001 908 2068 verba
919 2012 1091 2092 cognata
1073 2001 1146 2068 cum
1157 2000 1310 2069 duabusl
1297 1999 1445 2064 llitteris

334 2105 459 2197 scripta
467 2105 743 2190 reperianturl);'
734 2127 768 2168 m
779 2101 953 2190 illis1gitur
965 2085 1123 2168 ambobus
1133 2101 1224 2166 addit
1211 2111 1276 2164 tam
1295 2107 1368 2164 esse
1382 2097 1444 2162 lad

335 2187 495 2288 syllabam
513 2201 790 2270 corroborandam
801 2203 880 2268 utin
896 2207 1061 2286 quaerella,
1075 2207 1201 2284 aqueae,
1207 2199 1371 2280 paullatim
1387 2205 1442 2262 cet

398 2301 459 2368 Oui
491 2300 635 2390 opinioni
666 2301 837 2389 complura
862 2299 935 2366 obst
922 2310 993 2365 tare
1019 2299 1179 2366 videntur.
1224 2297 1439 2384 cognovimus

335 2403 421 2485 enim
452 2403 507 2465 red
528 2401 669 2468 formam
701 2423 772 2465 esse
802 2399 1016 2488 principalem
1043 2387 1201 2486 praefixi,
1233 2400 1326 2464 cuius
1355 2399 1439 2482 origo

335 2489 464 2592 quidem
487 2497 630 2566 nonduin
653 2499 732 2564 'satis
753 2499 863 2587 liquet.
892 2498 951 2564 Sin
969 2521 1048 2564 vero
1069 2497 1178 2563 littera
1198 2500 1228 2580 d,
1253 2521 1351 2586 quarn
1373 2506 1440 2561 ante

334 2599 465 2664 vocales
496 2609 659 2664 servatam
681 2605 829 2678 (redama,
860 2605 964 2675 redeo,
994 2601 1111 2679 redipo,
1139 2599 1263 2672 redimo)
1290 2595 1438 2672 videmus,

334 2699 408 2763 ante
430 2701 589 2782 consonas
611 2708 745 2764 extrusa
767 2706 942 2786 appareat,
972 2719 1037 2761 non
1065 2697 1175 2760 statim
1202 2694 1298 2760 nobis
1329 2705 1378 2758 est
1398 2693 1438 2757 di-

333 2795 485 2880 cendum,
513 2797 611 2863 aliam
627 2797 770 2862 formam
800 2819 872 2861 esse
899 2819 982 2884 quae
1007 2793 1117 2860 verbis
1148 2817 1167 2858 a
1196 2795 1348 2858 consonis
1367 2794 1437 2858 inci·

333 2897 497 2986 pientibus
534 2897 724 2986 praeposita
745 2895 806 2960 sit.
855 2893 929 2960 Hoc
959 2895 1068 2982 potius
1102 2893 1302 2979 quaerimus,
1338 2901 1436 2958 utrum

334 2997 463 3063 omnino
484 2993 623 3062 dentalis
645 2993 755 3062 littera
776 3017 944 3059 remanere
966 2995 1107 3082 potuerit
1126 3015 1169 3056 an
1190 2992 1278 3057 non?

392 3093 501 3184 Atque
519 3092 681 3184 voeabula
702 3101 842 3178 exstant,
866 3117 949 3186 quae
971 3102 1027 3158 aut
1048 3093 1246 3178 geminatam
1268 3112 1434 3155 consonam

332 3187 454 3258 babent
475 3203 549 3282 post
570 3191 731 3280 syllabam
757 3217 791 3256 re
811 3217 842 3260 v.
865 3216 891 3258 c.
914 3197 1065 3256 reccidere
1090 3191 1167 3270 (Ov.
1187 3189 1266 3255 Met.
1289 3187 1345 3272 VI,
1368 3194 1433 3266 2123

333 3284 823 3378 LucretI‚857.1063V,280)‚
844 3305 996 3373 receeptas
1011 3290 1125 3369 (Lucil.
1141 3289 1180 3372 V,
1200 3293 1241 3370 4),
1256 3295 1358 3364 reddo,
1378 3293 1434 3349 red

244 3413 246 3418 ’
332 3397 438 3453 ducere
455 3341 594 3467 (Lircret.
607 3391 634 3476 I,
650 3395 719 3458 228.
730 3391 788 3474 Ν,
804 3396 864 3459 990
882 3391 945 3474 al),
968 3403 1108 3454 remmota
1123 3389 1286 3467 (Lucret.,)
1310 3398 1366 3452 aut
1353 3387 1433 3452 t·lon

331 3512 406 3578 gam
426 3489 582 3574 vocalem,
605 3514 799 3580 quamquam
822 3490 960 3578 praefixi
982 3495 1037 3552 red
1051 3489 1173 3554 vocalis
1194 3485 1370 3552 breviat
1323 3497 1414 3570 estc
1399 3485 1431 3550 cf.

330 3592 464 3682 recidere
485 3589 559 3688 (Ωιι.
570 3589 648 3658 Met.
625 3587 702 3680 tX,
717 3589 763 3656 18.
790 3591 870 3673 ι,8)0
892 3589 1040 3698 redeam
1061 3577 1187 3653 duobus
1199 3578 1307 3652 Plaur
1326 3586 1407 3652 loers
1412 3585 1432 3661 τ)

380 3790 406 3856 6)
424 3788 566 3843 Habemus
584 3791 679 3844 tamen
696 3787 772 3859 apud
783 3787 871 3842 Lucil.
883 3787 977 3855 XXX,
996 3792 1028 3844 29
1045 3789 1168 3844 rellicta:
1187 3795 1213 3842 et
1228 3805 1281 3842 erra
1288 3785 1432 3859 perciperet

330 3880 405 3926 retro
423 3873 532 3928 rellicta
548 3873 647 3928 iacere.

353 3977 365 3990 „
381 3960 406 4025 7)
431 3955 604 4027 Quamquam
620 3955 819 4012 lllockeisenus
835 3971 946 4028 quoque
964 3956 1054 4026 (epist
1074 3955 1134 4011 crit.
1154 3955 1190 4009 ad
1209 3954 1313 4010 Ritaeh.
1332 3972 1357 4025 p.
1375 3949 1430 4015 xl.)

333 4039 486 4094 secundum
501 4038 670 4111 reliquorum
685 4039 808 4094 locorum
825 4039 982 4110 analogiam
1000 4040 1150 4095 vocalem-c
1166 4041 1278 4094 brevem
1293 4055 1352 4094 ease
1368 4035 1429 4090 arbi-

330 4125 429 4191 8θῖῧῆ
444 4121 576 4186 libum
592 4121 757 4195 *elimam
773 4125 875 4196 partim
893 4125 1079 4184 eommutavit.
1158 4155 1160 4160 ,
