3056 4968
620 404 677 471 167

79 588 247 662 ajasmaja
275 587 357 664 (ajat
389 582 540 665 ferrum),
579 603 663 666 quae
696 579 783 648 idem
814 581 1000 668 significant
1027 593 1122 669 atque
1149 581 1206 650 ills

79 678 207 744 Latina
231 699 308 762 vox,
330 705 344 742 s
366 680 474 746 littera
495 682 679 747 inveniatur
696 690 771 747 ante
787 705 815 762 a,
838 681 981 748 dubitari
1002 679 1200 747 nullomodo

80 785 194 862 potest
218 779 298 866 quin
319 781 353 844 in
371 780 491 846 Latina
512 802 637 868 quoque
657 779 771 866 lingua
794 805 809 842 s
831 781 952 846 omissa
974 782 1072 858 sit.¹⁹)

145 874 308 966 Sequitur
335 903 442 957 canas,
474 901 611 966 quocum
640 881 821 966 composuit
848 881 973 966 primus
995 877 1201 944 Aufrechtius

79 973 226 1051 (Kubnii
245 976 352 1042 annal.
367 977 409 1044 II.
432 981 535 1058 [1853]
558 1001 589 1066 p.
609 983 679 1056 151)
702 1000 744 1044 ex
767 977 927 1045 Oscorum
949 978 1061 1062 lingua
1082 1000 1203 1040 aornar.

80 1071 135 1138 Ad
164 1073 258 1140 banc
284 1098 398 1142 vocem
429 1075 659 1164 explicandam
689 1077 777 1144 nullo
804 1076 1004 1143 ‘adiuvamur
1037 1074 1220 1164 praesidio·

80 1172 145 1238 nisi
167 1171 247 1242 loco
270 1174 409 1263 quodam
432 1176 640 1253 Varronis²⁰)
665 1173 717 1253 (de
739 1175 758 1240 l.
780 1175 853 1241 Lat.
874 1175 938 1240 VII
960 1181 987 1258 ξ.
1010 1179 1077 1253 29):
1099 1175 1202 1255 „item

82 1271 255 1356 significat
284 1280 427 1351 (cascum
460 1273 526 1340 scil.
550 1273 636 1339 idem
668 1297 739 1339 esse
773 1297 812 1339 ac
844 1282 951 1352 vetus)
983 1275 1017 1338 in
1045 1271 1202 1337 Atellanis

82 1369 213 1455 aliquot
235 1372 388 1460 Pappum
412 1387 519 1438 senem
542 1372 629 1458 quod
652 1371 738 1438 Osce
761 1396 878 1439 casnar
901 1372 1098 1462 appellant.“
1141 1371 1202 1436 Re-

83 1469 186 1536 citavi
211 1481 323 1538 autem
345 1472 420 1556 illa,
448 1482 483 1540 ut
506 1464 571 1560 legi
603 1471 722 1537 debere
743 1469 962 1538 Mommsenus
985 1480 1094 1536 censet
1123 1469 1201 1548 (vid.

80 1560 135 1634 lib.
161 1569 205 1634 de
230 1569 320 1636 diall.
343 1571 415 1638 Ital.
438 1594 469 1659 p.
490 1577 562 1650 268)
588 1594 652 1636 non
683 1581 717 1635 ut
739 1571 835 1657 vulgo
857 1571 1018 1657 leguntur.
1062 1568 1203 1634 Proinde

82 1667 123 1732 ab
161 1678 302 1734 auctore
338 1672 385 1736 sic
420 1669 636 1736 concluditur:
675 1669 789 1734 Senem
823 1670 954 1756 quidem
991 1667 1202 1758 appellabant

83 1791 220 1847 casaur,
252 1770 371 1837 veteris
394 1771 493 1856 igitur
511 1768 704 1853 significatio
726 1769 759 1832 in
781 1767 842 1834 hoc
864 1769 964 1834 verbo
987 1769 1100 1832 inerat.
1143 1765 1201 1831 At-

82 1889 246 1950 quocum
276 1868 449 1936 verborum
478 1877 509 1934 et
531 1890 634 1930 carras
663 1875 695 1930 ct
721 1891 830 1930 casaur
857 1867 971 1932 eadem
1001 1867 1100 1954 stirps
1128 1888 1200 1951 pro·

83 1967 158 2051 pria
184 1969 244 2049 sit,
275 1991 380 2030 cascar
403 1989 529 2054 quoque
557 1965 741 2052 significare
769 1987 901 2031 necesse
929 1973 977 2028 est
1004 1973 1106 2028 vetus.
1149 1963 1201 2028 De

84 2064 214 2150 origine
237 2063 354 2132 harum
375 2087 491 2132 vocum
512 2063 592 2128 nihil
615 2064 695 2128 certi
718 2063 889 2150 explorare
911 2064 1012 2150 potui.

145 2161 305 2245 Plurimis
327 2163 485 2230 adductus
507 2165 669 2228 maximae
700 2163 901 2228 auctoritatis
924 2159 1081 2248 exemplis
1105 2162 1200 2226 unice

84 2257 170 2326 hanc
207 2263 404 2350 scripturam
439 2285 552 2327 veram
586 2261 741 2349 probavit
773 2259 1006 2325 Fleckeisenus
1043 2259 1139 2336 (tituli
1171 2260 1199 2326 L

85 2380 114 2443 p.
146 2364 209 2437 10).
265 2360 360 2440 Quod
393 2361 507 2426 attinet
539 2359 582 2427 ad
611 2359 833 2425 formationem
860 2358 945 2424 idem
972 2360 1023 2424 vir
1050 2357 1087 2422 cl.
1115 2357 1200 2445 glos-

85 2479 155 2522 sam
193 2457 366 2525 adnotavit
397 2460 488 2524 Festi
523 2465 573 2544 (p.
601 2463 670 2526 339.
699 2457 843 2540 Mucll.)‚
886 2467 922 2523 ut
962 2459 1071 2525 statim
1113 2466 1201 2522 recte

26 2549 32 2570 ‘
84 2553 289 2623 describam:
318 2581 512 2641 „scesnas
535 2555 664 2638 [Sabini
692 2557 843 2624 dicebant
864 2561 958 2644 quas]
980 2579 1065 2622 nunc
1088 2557 1225 2620 cersosc“x

84 2655 246 2744 simulque
279 2657 451 2738 adiiciens,
490 2655 615 2721 duobus
654 2661 688 2750 in
726 2655 805 2723 locis
841 2655 885 2722 ab
921 2656 1033 2722 eodem
1068 2664 1200 2721 auctore

83 2775 212 2816 caesnas
249 2756 463 2840 antiquiorem
500 2755 680 2822 exhibitam
715 2778 786 2821 esse
826 2757 963 2822 formam
997 2777 1056 2844 pro
1092 2761 1199 2817 caenis.

84 2848 220 2920 Certum
243 2876 321 2940 ergo
344 2863 407 2936 est,
438 2855 472 2919 in
500 2854 562 2919 hoc
583 2875 710 2942 quoque
732 2853 832 2920 verbo
854 2880 868 2916 s
889 2864 964 2920 a'nte
985 2879 1006 2917 n
1028 2852 1198 2918 excidisse.

88 3019 295 3030 κὴ.-

134 3118 176 3182 19)
202 3117 270 3172 Alia
278 3115 375 3172 torma
392 3119 509 3174 obenan
526 3133 589 3172 cum
614 3115 710 3172 eadem
729 3103 893 3171 auctoritate
916 3119 1022 3170 nitatur
1040 3115 1083 3186 (cf.
1102 3117 1200 3172 Fleck-
1296 3148 1299 3154 .

84 3197 170 3252 eiseni
189 3199 286 3256 titulos
306 3201 331 3254 L
355 3219 382 3272 p.
400 3203 428 3269 7)
450 3219 506 3273 qua
527 3200 576 3256 illa
597 3219 654 3256 non
678 3201 814 3272 aspirata,
842 3195 917 3254 recte
938 3199 1073 3272 suspicari
1094 3199 1198 3269 videor,

83 3278 225 3338 Sanscrito
237 3285 257 3354 j
273 3285 302 3338 in
319 3285 416 3340 mediis
433 3285 576 3342 vocabulis
593 3257 702 3339 Laium
719 3283 885 3355 respondere
903 3284 1054 3355 aspiratam
1071 3285 1096 3339 b.

133 3383 177 3449 20)
201 3382 256 3448 Qui
272 3389 416 3454 praeterea
439 3391 549 3442 exstant
565 3391 621 3440 tres
639 3385 705 3454 loci,
730 3385 759 3438 in
785 3383 886 3454 quibus
905 3401 1006 3439 cacnor
1023 3383 1147 3454 legatur,
1170 3384 1199 3438 hl

84 3462 185 3518 nullius
211 3471 277 3520 sunt
298 3469 445 3524 momenti:
476 3468 691 3541 primumquod
716 3467 815 3522 Festus
838 3467 893 3535 (vel
915 3466 1028 3523 Verrius
1051 3485 1079 3538 p.
1097 3468 1197 3536 47‚12):

86 3564 210 3612 „curaer
234 3566 318 3604 senex
339 3549 471 3606 Oscorum
489 3553 606 3626 Ιίιιςηαα
631 3570 646 3607 e
664 3551 798 3609 Varronis
824 3549 893 3606 libro
912 3550 1070 3621 exscripsit3
1098 3551 1197 3606 deinde

84 3629 156 3698 apud
173 3631 296 3689 Nonium
313 3637 351 3705 (p.
370 3638 410 3693 86.
427 3635 566 3705 Μθιοιιιί);
590 3637 656 3707 „vix
678 3635 778 3691 effatus
796 3639 868 3704 erat,
891 3652 953 3689 cum
971 3649 1046 3689 more
1064 3634 1196 3688 maiorum

84 3709 155 3768 ultro
173 3735 303 3772 coenares
318 3718 454 3789 arripiunt
471 3725 499 3774 et
518 3720 552 3775 de
566 3725 651 3791 ponte
670 3721 698 3774 in
712 3715 835 3774 Tiberim
853 3719 1021 3774 deturbant“
1040 3733 1130 3789 neque
1141 3720 1197 3772 tra-

85 3791 170 3852 ditum
189 3806 231 3855 eet
248 3817 376 3857 casamo
393 3802 529 3872 in·codd.‚
547 3803 594 3874 qui
612 3803 743 3859 exhibent
760 3805 898 3873 cambo,
917 3817 1008 3874 neque
1025 3803 1049 3856 si
1065 3802 1197 3856 traditum

85 3884 166 3948 esset,
193 3884 344 3956 quidquem
365 3883 476 3941 afferrm
498 3887 566 3942 lucis
583 3887 699 3958 origini3
722 3887 840 3958 denique
862 3887 937 3958 apud
954 3885 1156 3952 Quintilianum
1173 3882 1195 3951 l,

85 3961 107 4026 o,
124 3965 154 4018 8:
183 3968 236 4035 „in
258 3970 382 4024 oratione
404 3971 523 4026 Labieni
545 3971 575 4024 in
592 3971 747 4033 Pollionem
773 3990 874 4028 canus
896 3974 1047 4026 assectator
1070 3965 1197 4024 eGallia

86 4040 194 4105 ductum
210 4054 275 4106 crt“
297 4054 393 4124 optimi
413 4053 490 4110 codd.
509 4071 565 4110 non
582 4055 688 4112 habent
705 4074 807 4112 cernar
823 4055 872 4110 sed
889 4055 995 4112 cerami
1012 4052 1056 4108 vel
1073 4069 1193 4114 casamo.
