3088 4966
125 619 210 687 ibid.
240 625 311 687 187:
335 605 381 682 τόν
403 613 494 700 ὅπερ,
519 608 546 680 ιδ
565 613 711 702 χρυσέα
735 610 878 702 δόχατερ
900 611 1047 693 Διός...

125 721 205 787 Ant.
232 725 305 788 102:
327 711 480 806 ἐφάνθης
502 710 593 794 ποτ),
622 707 649 782 ιδ
669 713 844 803 χρυσέας
862 721 867 800 λ
886 711 1012 800 ἁμέρας
1025 711 1202 802 βλέφαρον.

170 836 213 902 In
239 837 354 924 quibus
378 834 535 921 exemplis
564 837 628 900 tria
655 834 712 899 ille
739 858 822 922 quae
843 845 987 900 extremo
1017 833 1088 898 loco
1111 836 1205 920 posui

85 936 195 1002 altera
220 935 391 1022 splendent
425 937 533 1023 poesis
566 944 598 1000 ct
630 937 742 1022 opicae
775 946 806 999 et
828 934 951 1020 lyricae
984 933 1205 998 similitudine:

83 1047 244 1122 correpte
265 1035 371 1100 vocali
393 1041 425 1117 ῦς
460 1034 819 1121 etPind.Pyth.·1V‚
850 1041 882 1100 4:
914 1026 999 1096 ἔνθα
1022 1028 1104 1096 ποτέ
1128 1037 1205 1116 χρό-

83 1131 173 1198 σέων
198 1131 287 1211 Διὸς
309 1127 427 1197 αἰετῶν
447 1128 622 1216 πάρεδρος.

172 1249 386 1316 Contract'
358 1261 416 1316 tro
438 1253 785 1356 pronuntiatur,
777 1272 852 1314 non
876 1249 1107 1313 scribitur
1098 1272 1132 1313 m
1154 1240 1223 1312 his'
1260 1311 1263 1326 ,

82 1357 259 1422 versibus:
292 1355 392 1444 Sopb.
420 1360 458 1423 fr.
482 1363 557 1437 479,
580 1363 613 1423 3ι
645 1335 818 1436 χαλκέοισι
844 1349 963 1431 κάδοις
991 1352 1136 1434 δέχεται,
1175 1368 1207 1421 et

83 1463 164 1530 ibid.
197 1487 231 1529 v.
257 1472 292 1530 7:
325 1461 426 1548 γυμνὴ
453 1441 659 1542 χαλκεοις”
639 1487 706 1551 ιμα
737 1457 930 1546 δρεπάνοις,
966 1466 1000 1528 in
1032 1475 1206 1550 systteema

86 1565 312 1650 anapaestico.

171 1663 305 1727 Nullum
336 1685 415 1727 vero
445 1685 550 1748 neque
582 1665 616 1727 in
648 1663 831 1729 fabularum
866 1663 1001 1728 canticis
1034 1683 1138 1749 neque
1171 1665 1204 1727 in

84 1775 262 1850 poetarum
285 1761 461 1847 lyricorum
485 1761 681 1826 carminibus
705 1763 851 1850 reperias
874 1764 1045 1846 vestigium
1066 1763 1202 1847 scriptu-

84 1886 142 1926 rae
165 1863 318 1940 χρυσοῦς,
341 1858 487 1937 χαλκοῖς,
514 1883 596 1948 quae
617 1862 722 1926 forma
744 1861 887 1946 volgaris
911 1865 1124 1926 acarminum
1139 1886 1203 1927 me·

85 1961 228 2026 licorum
250 1962 419 2024 maiestate
440 1960 536 2046 longe
560 1959 722 2026 abhorret.

173 2073 301 2142 Contra
333 2079 367 2140 in
396 2075 599 2140 diverbiis
634 2077 852 2161 pronuntiatio
881 2085 913 2138 et
942 2077 1076 2163 scriptio
1109 2077 1204 2164 plane

85 2179 173 2240 inter
195 2198 231 2240 se
253 2177 300 2239 ita
320 2175 533 2262 respondent,
506 2185 598 2239 tut
624 2198 759 2262 prorsus
787 2175 873 2240 absit
860 2177 1053 2262 tsynizesis
1076 2176 1203 2262 elegan-

83 2277 139 2341 tia.
188 2274 424 2360 Habcs1g1ur

126 2391 221 2478 Sept.
244 2395 318 2458 434:
339 2390 504 2472 χρυσοῖς
525 2383 561 2452 δέ
584 2393 689 2474 φωνεῖ
710 2384 898 2472 γράμμασιν
918 2385 1040 2510 Πρῆσω
1064 2387 1173 2462 πόλιν.

125 2490 177 2555 ΕΙ.
203 2497 277 2556 711.
298 2483 456 2574 χαλκῆςί
441 2513 524 2554 υπαι
517 2484 729 2572 σάλπιγγος
749 2479 842 2577 Ιῆξαν
867 2483 994 2554 οιδΗ
979 2486 1098 2575 άμα...

127 2589 202 2656 OG.
227 2595 318 2657 1591:
343 2587 480 2667 χαλκοις
501 2584 662 2670 βόθροισι
685 2592 788 2672 γῆθεν
808 2586 1035 2674 ἐρριζωμένοι.

126 2690 205 2752 Ant.
228 2693 302 2754 699:
325 2681 390 2766 οάχ
412 2685 474 2772 ῆδε
492 2691 610 2775 χρυσῆς
630 2681 708 2768 άξία
729 2692 825 2775 τιμῆς
845 2688 975 2770 λαχεῖν,·

128 2787 187 2854 Τι.
208 2793 284 2854 683;
304 2786 426 2872 χαλκῆς
447 2781 543 2864 ὅπως
564 2783 743 2862 δόςνιπτον-
757 2784 793 2851 ἐκ
810 2785 926 2854 δέλτου
948 2787 1129 2878 χραφῆν...

129 2886 232 2973 Sopb.
255 2888 294 2952 fr.
319 2893 394 2954 767:
415 2890 516 2974 χρυσῇ
538 2882 688 2973 μακέλλῃ
711 2889 816 2972 Ζηνός
838 2885 1077 2979 έξαναστραφῆ,

171 2985 316 3073 Chocph.
338 2992 416 3054 686:
448 2989 502 3048 νῦν
524 2982 585 3068 γὰρ
609 2981 746 3070 λέβητος
771 2984 947 3064 χαλκέου
973 2987 1202 3074 πλευρώματα.

126 3084 206 3150 Ant.
229 3090 304 3152 430:
346 3078 383 3148 έκ
403 3075 436 3147 τ’
461 3077 657 3170 εὐκροτήτου
677 3081 820 3163 χαλκέας
843 3079 946 3172 άρδῆν
965 3089 1119 3170 πρόχου..

128 3183 186 3250 Tr.
210 3191 283 3251 556:
308 3181 422 3268 θηρός,
445 3179 558 3270 λέβητι
580 3180 711 3270 χαλκέῳ
734 3183 965 3266 κεκρυμμένον.

128 3282 185 3348 Τι.
212 3288 306 3350 1099:
329 3283 435 3371 δεινῆς
450 3277 595 3370 Ἐχίδνης
615 3279 764 3368 θρέμμα,
788 3279 900 3348 τόντε
920 3289 1109 3370 χρυσέων...

131 3380 232 3466 Soph.
255 3381 294 3446 fr.
318 3389 393 3449 429:
416 3383 472 3447 καὶ
493 3383 616 3470 πλῆρες
638 3378 788 3446 ἐκπιόντι
806 3373 948 3465 χράσεον
969 3383 1076 3468 κέρας.

130 3478 211 3544 ibid.
234 3486 308 3547 731:
331 3475 546 3569 έρρηξάτην’
530 3505 564 3559 ες
583 3478 687 3546 κύκλα
707 3480 857 3562 χαλκέων
879 3480 1001 3550 ὅπλων.

170 3593 297 3659 Eodem
308 3599 447 3681 pertinet
463 3598 518 3664 Tr
531 3605 605 3665 769.
624 3596 724 3677 χιτών
745 3595 838 3663 δι’παν
853 3621 914 3662 κατ
920 3592 1093 3684 ’άρδρον
1115 3594 1201 3690 ἦλθε

89 3682 164 3752 δ”
147 3689 350 3760 οστέων

169 3791 310 3858 Prorsus
343 3793 456 3859 eadem
491 3805 540 3860 est
570 3797 716 3863 condicio
749 3821 788 3862 ac
819 3797 981 3864 distribut
959 3809 1003 3865 tro
1034 3805 1201 3869 nominum

90 3881 198 3966 νόος,
229 3883 405 3976 stoan
432 3917 542 3958 eorum
570 3897 685 3960 ediec
663 3907 804 3962 1vorum
835 3922 971 3986 quorum
998 3899 1101 3966 altera
1121 3927 1199 3990 pars

90 3997 138 4052 est
160 3981 245 4066 νόος,
270 3985 357 4073 ῥόος,
384 3987 467 4070 ζόας,
492 3989 581 4070 σόος,
604 3989 719 4075 πλόος,
743 3993 857 4074 πνόος,
883 3993 990 4076 σκόσς.
1033 4001 1200 4070 Habemus

90 4088 174 4154 enim
