3008 4968
595 451 651 514 201

524 534 731 542 ——-—---.-·-—

131 631 160 703 2)
193 650 220 692 ιι.
254 629 293 693 In
317 630 467 715 genetivo
497 630 654 715 singulari
683 629 846 695 nominum
875 627 1127 694 masculinorum
1149 632 1183 694 in

77 746 117 808 ης
136 725 349 792 desinentium
380 739 412 793 et
441 730 475 792 in
508 731 658 815 genetivo
688 727 808 816 plurali
836 729 934 792 totius
958 727 1182 795 declinationis

75 825 104 887 in
133 847 153 885 α
185 829 355 892 rarissime
385 837 510 892 tantum
542 831 749 894 inveniuntur
780 820 1023 892 terminationes
1055 849 1114 889 c-o
1151 841 1182 894 et

76 925 303 990 c-orvAeolum
323 929 466 991 maxime
488 931 650 1014 propriae.
696 926 794 1008 Quod
814 935 929 1012 potitae
946 925 1081 1011 elegiaci
1098 925 1182 991 hanc

74 1025 326 1110 antiquissimam
347 1029 506 1094 rationem
522 1027 664 1092 nondum
686 1049 820 1114 prorsus
843 1024 1038 1107 abiecerunt,
1054 1026 1182 1091 firmum

75 1132 117 1186 est
136 1123 293 1188 indicium
313 1128 505 1193 imitationis
527 1127 731 1191 Homericae.

126 1223 332 1291 Exhibentur
354 1227 504 1314 exempla
526 1226 701 1313 singularis
722 1225 848 1290 numeri
870 1245 890 1287 a
1098 1307 1099 1312 ἵ

125 1321 317 1389 Mimnermo
342 1332 376 1390 11
387 1375 396 1408 ,
417 1333 436 1392 5
458 1318 613 1408 Αἰήταο,
638 1349 658 1390 a
679 1324 882 1410 Xenophane
904 1329 965 1404 2,3
988 1333 1020 1387 et
1041 1329 1094 1389 21:
1115 1320 1181 1387 Πί-

73 1439 136 1502 σαο,
157 1445 177 1486 a
199 1421 393 1509 Theognide
414 1430 483 1491 243.
505 1433 537 1492 4:

231 1517 286 1586 καὶ
305 1516 384 1586 ὅταν
407 1520 573 1610 δνοφερῆς
594 1516 661 1586 ὑπὸ
684 1517 820 1586 κεύθεσι
841 1513 936 1607 γαίης

225 1623 289 1708 βῇς
310 1617 566 1698 πολυκωκάτους
586 1614 634 1697 εἰς
656 1615 773 1686 Ἀΐδαο
796 1613 921 1698 δόμους

124 1725 182 1786 427
204 1714 317 1796 πάλας
334 1713 450 1785 Ἀΐδαο
472 1725 629 1806 περῆσαι.
672 1727 746 1790 906;
774 1713 822 1796 εἰς
842 1711 957 1784 Ἀΐδαο
981 1722 1102 1800 περᾶν,
1127 1721 1182 1808 qui

71 1815 124 1882 loci
144 1830 294 1886 nostram
315 1822 509 1887 sententiam
529 1845 568 1888 eo
591 1823 698 1907 magis
726 1820 931 1895 confirmant,
961 1841 1034 1884 cum
1060 1819 1179 1884 formu·

70 1916 111 1981 las
138 1921 327 1985 contineant
353 1942 394 1984 ex
424 1922 622 1987 carminibus
644 1921 828 1985 Homericis
859 1918 1084 2006 depromptas:
1107 1941 1180 1983 cum

71 2018 169 2100 priore
189 2018 265 2084 loco
293 2021 441 2086 conferas
462 2026 497 2082 X
518 2027 592 2088 482:
621 2022 681 2085 νῦν
708 2015 745 2082 δὲ
766 2015 803 2082 οδ
830 2013 891 2098 μὲν
910 2011 1027 2081 Ἀΐδαο
1057 2013 1182 2098 δόμους

71 2108 127 2180 ὑπὸ
161 2112 302 2182 κεύθεσι
332 2113 427 2204 γαίης
442 2120 452 2204 ll
469 2113 578 2204 ἔρχεαι
612 2119 833 2200 ε1ω204ΙΙ,
872 2139 945 2182 cum
977 2117 1118 2182 secundo
1148 2127 1180 2182 et

70 2218 154 2282 tertio
175 2219 206 2280 E
223 2218 359 2302 stellet
381 2221 414 2281 Ψ
434 2221 505 2302 7111.

124 2316 266 2382 Pluralis
289 2319 440 2406 exempla
461 2326 648 2406 supersunt:
669 2316 767 2382 Phoc.
786 2324 861 2398 11,1
885 2308 1177 2399 περινισομενάων,

72 2413 207 2501 Theogn.
231 2423 291 2484 250
316 2411 498 2494 Μουσάων,
523 2424 584 2486 766
605 2410 797 2498 μεριμνάων
817 2416 912 2495 (Xon.
936 2422 965 2498 5,
988 2421 1007 2481 4
1029 2406 1180 2478 ἀοιδάων

72 2512 180 2600 Bergk.
202 2518 325 2602 optime
346 2519 381 2582 in
402 2509 616 2581 άοιδονιόλων
637 2517 795 2592 mutavit).

122 2612 224 2680 Multo
246 2639 325 2684 vcro
347 2619 478 2706 saepius
501 2625 692 2704 comparent
712 2616 843 2680 Ionicae
865 2615 1111 2680 terminationes
1133 2635 1176 2676 εω

71 2721 97 2775 et
116 2735 185 2791 εων,
211 2737 295 2803 quae
315 2739 358 2782 ex
378 2717 443 2782 illis
465 2715 667 2804 syllabarum
689 2715 869 2803 quantitate
888 2724 1012 2779 mutata
1033 2721 1091 2792 (ων
1111 2715 1178 2778 iam

72 2823 174 2898 suapte
194 2823 314 2880 natura
334 2815 465 2902 longum
488 2821 570 2894 erat)
590 2825 622 2880 et
644 2836 665 2877 α
687 2815 721 2879 in
738 2835 753 2877 ε
777 2823 952 2880 extenuato
973 2825 1070 2880 natae
1092 2823 1176 2882 sunt.

71 2908 178 2976 Paucis
213 2922 324 2979 tamen
359 2915 440 2980 locis
469 2915 622 3002 vulgares
652 2915 777 2979 formae
814 2924 1000 2980 contractae
1036 2913 1177 2980 traditae

72 3019 143 3076 sunt.
185 3012 238 3078 De
261 3013 379 3102 quibus
402 3014 556 3103 quidnam
578 3013 785 3079 statuendum
807 3014 859 3095 sit,
881 3015 1057 3100 quaeritur.

72 3193 106 3202 —
123 3110 380 3208 lonas—quidem
410 3113 723 3201 iambographorum
757 3123 788 3177 et
820 3112 1038 3197 elegiacorum
1069 3121 1175 3178 aetate

72 3228 107 3268 ιω
134 3219 164 3274 et
194 3233 257 3274 εων
277 3212 417 3296 dixisse,
450 3215 656 3298 cognoscitur
690 3235 731 3276 ex
754 3211 890 3276 Homeri
919 3221 950 3276 et
981 3212 1176 3298 scriptorum

72 3313 273 3376 recentiorum
306 3313 557 3396 consuetudine,
588 3313 644 3396 qui
671 3311 791 3397 ubique
812 3310 864 3376 his
894 3309 1177 3376 terminationibus

74 3413 202 3474 unum.
247 3410 302 3476 Sic
321 3411 460 3497 legimus
481 3411 676 3499 Hippocrat.
704 3410 761 3474 ΕΙ
785 3417 842 3480 180
860 3402 1073 3493 Ἀνταγόρεω.
1121 3414 1176 3478 193

76 3500 266 3587 Φρυνιχίδεω
287 3509 374 3576 EIII
394 3517 455 3578 210
477 3505 621 3577 οἰκέτεω.
667 3510 808 3576 Charon.
829 3516 863 3577 9:
889 3512 955 3572 τῶν
975 3504 1175 3574 Βισαλτέων.

72 3599 176 3672 Hecat.
199 3611 237 3674 67
260 3605 345 3689 πρὸς
365 3605 483 3692 βορέω.
530 3619 588 3678 140
610 3605 776 3693 Περσέων.
820 3609 997 3674 Democrit.
1021 3608 1132 3674 moral.
1156 3616 1175 3679 8

74 3690 161 3782 οὖρος
180 3703 375 3794 ξυμφορὲων
395 3705 452 3773 καὶ
474 3702 702 3796 άξυμφορέων.
744 3708 934 3795 Anaxagor.
953 3714 972 3774 9
994 3709 1057 3770 τῶν
1079 3729 1176 3794 νεφε-

75 3795 156 3868 λέων.
198 3805 353 3874 Heraclit.
370 3816 421 3877 16:
449 3803 633 3890 Τευτάμεω,
677 3807 856 3872 Democrit.
870 3812 923 3872 76:
945 3809 1008 3868 τῶν
1021 3801 1174 3892 ἡδονὲων.

75 3897 203 3986 Diogen.
223 3914 241 3972 4
264 3899 411 3974 εάδιέων.
453 3909 565 3974 Etiam
585 3908 734 3974 Phoenix
755 3906 994 3993 Colophonius,
1014 3908 1070 3994 qui
1090 3908 1175 3972 vixit
1212 3941 1215 3950 ·

76 3995 120 4063 Ol.
154 4008 223 4086 118,
248 4004 327 4072 dicit
356 4008 395 4074 fr.
421 4016 506 4086 1,1:
540 4009 633 4090 χεῖρα
659 3999 823 4089 προςδότε
845 3999 991 4089 κριθέων
1006 4004 1040 4090 ΙΙ
1083 4006 1174 4072 Post-

76 4119 153 4164 remo
173 4101 307 4188 legimus
329 4107 364 4170 in
384 4105 489 4172 Miles.
512 4113 565 4176 39:
590 4099 843 4183 Ἀνιολωνίδεω,Ι
870 4106 904 4170 in
936 4104 1028 4171 titulo
1057 4105 1174 4194 Siphni
