3056 4968
609 423 664 485 101

75 606 104 659 et
124 595 282 679 Foucart,
303 598 400 684 inser.
423 597 463 662 de
477 596 623 686 Delphes
645 605 704 667 464
728 610 759 664 et
780 607 851 684 465,
873 601 1032 664 transisse
1053 601 1087 664 in
1108 597 1192 663 Τέλ-

75 715 215 782 poscor,
238 719 312 762 oum
328 700 519 783 scriptores,
535 701 591 787 qui
606 698 691 764 hano
704 699 873 785 vulgarem
887 699 1027 764 formem
1041 701 1189 786 recipere

75 795 259 877 uoluerunt,
279 797 352 882 lege
373 796 430 862 illa
452 799 631 884 euphonica
649 797 732 862 falso
754 806 930 864 uterentur.
943 798 984 876 ²⁷)

131 895 263 960 Eodem
290 895 387 961 modo
409 919 450 961 ex
473 889 577 983 κάλχη
611 897 716 962 idest
737 921 886 984 purpura
916 897 969 963 vel
996 897 1107 962 voluta
1140 922 1190 966 eo-

72 994 259 1060 lumnarum
286 996 337 1074 (cf.
359 994 502 1082 Hesych.
527 1020 551 1062 s.
574 1003 617 1074 v.)
648 999 683 1060 in
712 996 826 1082 lingue
849 997 981 1084 vulgari
1010 1005 1121 1062 natum
1144 1011 1193 1064 est

73 1088 186 1180 χάλχη,
213 1093 302 1178 quod
323 1117 381 1158 exs
383 1097 454 1158 tat
444 1118 479 1160 m
493 1097 589 1161 inser.
603 1095 670 1160 Αιι
647 1105 713 1160 tica
729 1094 862 1182 publica
877 1096 965 1183 apud
976 1095 1135 1182 Rangabd
1152 1104 1191 1164 56

73 1193 110 1258 Α.
133 1200 192 1276 50,
222 1192 308 1257 unde
330 1193 434 1259 denuo
457 1205 562 1260 ortum
582 1205 631 1260 est
650 1189 755 1280 χάλκη
777 1195 812 1261 id
834 1205 883 1260 est
904 1189 1077 1306 πορφύρᾳ,
1105 1195 1192 1285 quod

74 1291 160 1376 apud
182 1291 388 1378 Hesychium
407 1293 535 1380 legitur

131 1390 188 1454 Ex
211 1390 330 1456 horum
356 1393 458 1477 igitur
478 1393 732 1475 vocabulorum,
763 1392 803 1458 de
829 1393 947 1481 quibus
977 1403 1074 1481 propt
1076 1416 1110 1458 er
1138 1395 1191 1457 in·

74 1491 289 1576 scriptionum
299 1493 485 1558 testimonia
503 1503 627 1558 certum
644 1491 799 1558 iudicium
811 1491 882 1556 fieri
897 1502 1013 1577 potest,
1036 1492 1189 1578 analogia
1237 1507 1243 1518 '

75 1588 233 1654 concludo
255 1591 352 1654 etiam
369 1591 404 1656 in
423 1590 496 1655 aliis
516 1589 747 1673 vocabulis28),
770 1589 825 1656 ubi
850 1593 1007 1678 aspiratio
1026 1592 1190 1658 transilire

76 1688 235 1772 videtur,.
263 1688 400 1753 similem
434 1690 628 1756 metathesin
659 1711 719 1778 per
754 1691 877 1756 formas
916 1689 1068 1778 vulgares
1104 1691 1190 1756 binis

75 1789 231 1874 aspiratis
254 1791 480 1874 pronuntiatas
504 1788 732 1877 explicandam
755 1811 835 1854 esse.

140 1912 165 1970 1.
190 1895 383 1978 ὄικ-αν-θος
405 1941 445 1951 -
467 1897 616 1982 ἄκανθος
637 1939 676 1950 -
697 1894 845 1982 ὅχανιος.

133 2003 249 2068 Radix
270 2003 363 2068 huius
385 2003 536 2069 vocabuli
558 1995 660 2070 esto'ut
683 2003 735 2081 (cf
750 2001 852 2068 Curt'
818 2013 855 2066 ιιι
871 2003 909 2069 el.
926 2014 1022 2090 etym.
1036 2003 1093 2070 Gr.
1109 2011 1189 2086 122),

78 2100 160 2166 unde
184 2104 286 2166 etiam
308 2122 546 2192 synonymum
541 2094 603 2166 da·
605 2125 663 2164 αν·
664 2124 701 2178 ος
712 2101 992 2167 derivandum
943 2113 1001 2168 est.
1032 2103 1190 2168 Formam

78 2191 216 2277 dyuvsoc
240 2199 377 2288 Gregor.
391 2201 466 2268 Oor.
480 2225 510 2288 p
525 2180 740 2284 414Ιοιιιιιιιι,
762 2201 866 2266 Eusta
866 2201 952 2266 thius
975 2223 1050 2288 pag.
1062 2209 1131 2270 468.
1148 2208 1188 2271 33

79 2298 207 2385 linguae
230 2301 373 2366 rusticae
395 2303 573 2387 assignant
586 2303 628 2379 ²⁹)

135 2422 164 2481 2.
192 2411 295 2499 χύτρα
316 2453 359 2496 -,
376 2410 486 2499 χίθρα
507 2453 549 2464 -
570 2411 697 2499 κύθρα,
729 2415 875 2481 aradios
893 2437 931 2494 χυ
953 2417 1005 2494 (cf.
1028 2417 1133 2482 Curtii
1151 2416 1189 2481 el.

82 2518 157 2590 186).
202 2515 326 2580 Forma
354 2509 464 2596 κύθρα
491 2516 624 2582 Ionibus
652 2517 806 2595 tribuitur
838 2537 858 2578 a
880 2513 1017 2601 Gregor.
1040 2515 1116 2582 Oor.
1137 2514 1156 2580 l.
1170 2515 1189 2580 l.

125 2801 169 2864 27)
194 2797 286 2853 Μιιιιο
311 2797 402 2852 minus
423 2796 608 2870 probabiliter
629 2798 788 2853 Lobeokius
806 2798 904 2869 parali.
930 2797 953 2851 I.
975 2801 1008 2852 47
1032 2801 1060 2851 et
1076 2795 1193 2852 Siebelis

82 2881 140 2936 edit
158 2881 244 2940 Paus.
256 2881 284 2936 11
301 2899 365 2953 pag.
379 2887 426 2938 271
446 2886 533 2937 ethis
553 2885 720 2936 Θέλπουσαν
737 2881 854 2936 formam
872 2899 905 2936 ex
924 2878 1079 2951 ιιλφόισσα
1096 2884 1191 2934 naum

81 2979 135 3018 esse
151 2971 336 3037 putaverunt,
361 2966 413 3019 etsi
429 2967 485 3021 iam
502 2965 667 3036 Sylhurgius
685 2966 722 3020 ad
739 2965 823 3020 Paus.
842 2969 866 3018 8.
881 2968 921 3018 24.
935 2969 952 3020 4
967 2980 1062 3018 verum
1074 2963 1190 3017 viderat.

83 3045 205 3103 Ceterum
229 3049 345 3104 eandem
367 3049 502 3120 originem
524 3049 608 3104 etiam
630 3048 694 3102 fons
717 3047 764 3104 ille
787 3049 921 3104 Boeotiae
946 3047 1049 3101 habere
1072 3046 1190 3115 videtur,

82 3131 126 3198 qui
141 3131 170 3185 in
189 3135 294 3204 hymno
311 3135 341 3186 in
349 3133 443 3205 Apoll.
454 3134 537 3204 Pyth.
559 3137 708 3202 Τελφοῦσα
727 3137 754 3187 et
771 3131 921 3188 aPindaro
941 3129 1191 3200 (cf.Strab.p.4lll
1302 3180 1307 3189 .

85 3218 237 3285 Τιλφῶσσα
255 3217 284 3270 id
302 3222 344 3271 est
364 3218 535 3272 Θαιπόεσσα
553 3216 717 3288 appellatur.
748 3217 796 3272 lbi
814 3233 877 3270 eum
895 3213 1019 3270 Tiresiae
1036 3212 1192 3282 sepulcrum

84 3302 109 3349 et
123 3300 262 3370 Apollinis
278 3301 411 3371 templum
428 3300 513 3356 fuerit
530 3299 576 3367 (cf.
595 3300 685 3356 Strab.
704 3301 721 3358 l.
733 3301 751 3357 l.
769 3306 798 3355 et
808 3302 941 3371 hymnum
957 3300 987 3352 in
999 3297 1093 3368 Apoll.
1107 3295 1191 3366 Pyth.

85 3384 139 3449 206)
158 3390 310 3456 notumque
328 3385 365 3440 sit
382 3384 488 3440 fontem
500 3385 667 3456 Delphicum
686 3385 805 3438 calidum
823 3399 953 3452 vaporem
966 3381 1092 3449 edidisse,
1109 3377 1191 3434 facile

86 3461 145 3519 inde
157 3468 292 3523 concludo
305 3469 418 3524 omnino
434 3469 568 3524 eiusmodi
585 3469 676 3524 fontes
693 3470 748 3524 vim
759 3467 953 3522 divinatoriam
970 3464 1101 3520 habuisse
1118 3463 1191 3520 ideo-

86 3563 134 3616 que
147 3552 272 3623 Apolhni
285 3569 378 3608 saeros
391 3552 484 3608 fuisse.

130 3653 172 3717 28)
194 3651 563 3724 Of.L0beok‚e11.path01.
583 3652 604 3708 I.
627 3669 692 3724 pag.
712 3656 814 3722 527eq.

132 3753 173 3817 29)
192 3753 277 3822 Apud
283 3753 380 3824 Veget.
399 3770 420 3808 r.
439 3757 492 3809 vet.
509 3758 531 3808 1.
546 3759 578 3810 20
595 3752 720 3821 materia,
737 3768 770 3806 ex
789 3768 845 3822 qua
862 3749 1050 3806 suffimentum
1068 3754 1191 3820 paratim,

88 3833 239 3890 nominatur
262 3837 426 3906 achantum,
454 3837 489 3891 de
515 3855 570 3908 quo
594 3835 646 3890 viri
668 3835 743 3890 docti
764 3835 855 3890 adhuc
877 3835 1015 3888 dubitant.
1056 3832 1193 3903 Equidem

88 3929 138 3968 non
155 3918 260 3989 dubita·
277 3919 345 3990 quin
363 3912 514 3975 achantum
530 3938 563 3976 ex
577 3921 697 3975 acantho
715 3927 843 3992 paratum
861 3919 907 3988 sit,
925 3919 1003 3972 cuius
1021 3919 1090 3971 odor
1108 3933 1192 3987 saepe

88 3993 220 4057 laudatur:
247 4003 282 4060 cf.
300 4003 374 4061 Plin.
391 4003 419 4062 h.
438 4022 466 4060 ιι.
485 4009 525 4061 24.
545 4009 583 4061 12.
602 4009 643 4074 67,
665 4004 746 4078 Verg.
764 4002 834 4060 Geo.
851 4001 887 4058 11.
909 4006 956 4059 119
980 4007 1008 4056 et
1026 4002 1190 4078 interpretes

89 4081 119 4136 td
133 4083 204 4144 hunc
221 4087 320 4146 locum.
