3088 4966
610 489 667 550 211

85 663 199 752 legitur
222 659 292 744 olel,
328 689 398 733 esse
432 669 610 734 carminum
638 665 839 749 melicorum,
870 688 1006 752 quorum
1034 675 1125 730 tanta
1148 675 1197 730 est

85 786 153 829 cum
189 769 282 853 poesi
319 767 423 855 lyrica
463 765 685 847 necessitudo,
721 779 755 830 ut
791 765 998 831 Hermannus
1031 763 1108 830 olim
1144 763 1194 828 his

85 862 159 930 solis
181 865 427 952 relinquendam
451 867 613 931 censuerit
640 865 778 930 formam
799 865 1026 952 poeticam³⁹):
1059 863 1117 928 vix
1140 861 1195 927 du·

84 959 203 1028 bitabis
227 967 324 1030 etiarn
347 976 470 1030 ceteros
492 965 580 1030 locos
602 961 776 1028 admodum
800 986 921 1050 paucos
951 962 1006 1027 ubi
1029 954 1085 1024 Ιοἰεί
1104 963 1137 1026 in
1159 961 1195 1026 li-

85 1058 150 1124 bris
172 1063 310 1150 spondei
332 1064 455 1131 obtinet
475 1065 552 1146 vim,
576 1061 618 1127 ad
639 1063 737 1127 totius
758 1061 865 1148 poesis
882 1060 1030 1127 Graecae
1051 1083 1196 1126 normam

85 1179 240 1226 revocare
265 1173 296 1227 et
318 1165 576 1240 conrmutare.⁴⁰)
947 1229 953 1238 ,
1086 1173 1089 1180 ’

58 1320 61 1326 .
164 1259 241 1326 Duo
263 1261 337 1327 huic
365 1285 498 1327 numero
521 1258 734 1326 adscribimus
763 1259 894 1324 nomina
920 1259 953 1322 in
977 1257 1093 1348 quibus
1113 1257 1194 1346 ipsis

86 1361 306 1446 conspiciatur
347 1359 567 1447 diphthongus
602 1361 648 1430 ὧι
679 1347 913 1442 Ἀθηναῖοι,
955 1355 1041 1446 quod
1076 1355 1194 1442 legitur

84 1453 176 1522 Eum.
199 1465 271 1528 288.
293 1465 363 1526 299.
384 1465 453 1526 614.
477 1469 508 1523 et
530 1453 714 1542 προναία
735 1455 828 1522 Eum.
852 1461 899 1524 21.

134 1640 177 1701 33)
195 1638 289 1696 Praei.
307 1641 343 1694 ad
360 1641 442 1695 Herc.
462 1641 495 1694 F.
514 1659 541 1712 p.
560 1635 612 1696 111]

132 1725 176 1786 40)
207 1721 298 1787 Quam
325 1723 409 1782 facile
432 1723 537 1780 librarii
566 1743 617 1798 pro
640 1729 698 1781 alst
722 1723 915 1778 substituerint
938 1723 1008 1786 Ἕκ,
1038 1719 1198 1776 luculentis-

85 1801 148 1858 sime
168 1820 183 1860 e
201 1805 317 1862 Pindari
341 1808 450 1880 optimis
474 1809 616 1864 codicibus
639 1813 767 1880 apparet,
797 1806 846 1862 ubi
862 1823 920 1862 non
946 1821 1008 1860 raro
1038 1821 1087 1859 eae
1116 1821 1197 1860 voces

86 1893 303 1962 commutantur,
320 1907 363 1948 ex.
382 1909 403 1948 e.
434 1890 475 1946 01.
497 1898 519 1962 1,
539 1896 580 1948 ss.
598 1897 640 1948 oo.
672 1891 723 1964 Py.
744 1896 770 1960 1,
789 1895 829 1946 so.
848 1895 876 1960 a,
897 1893 952 1944 roa.
970 1893 999 1957 4,
1021 1892 1079 1946 tos.
1096 1919 1130 1928 -
1148 1889 1197 1944 es-

86 1973 183 2040 terum,
213 1990 249 2027 ne
276 1993 388 2046 prorsus
418 1975 568 2048 neglegere
595 1975 737 2029 videamur
759 1990 853 2027 earum
875 1971 1025 2026 formarum
1048 1971 1196 2044 originem:

86 2067 116 2105 er
133 2057 272 2127 scriptura
292 2056 377 2113 alsat
391 2061 421 2114 in
438 2059 520 2114 titulo
539 2059 650 2114 Crisaeo
669 2057 699 2113 C.
715 2057 736 2113 Ι,
748 2076 774 2112 n.
790 2061 811 2111 1.
824 2055 1047 2111 verisimillimum
1066 2060 1108 2109 est
1124 2057 1197 2112 hanc

86 2137 249 2205 particulam
281 2147 429 2214 cognatam
455 2159 514 2196 esse
541 2159 603 2197 cum
632 2139 818 2195 Romanorum
845 2141 956 2194 nomine
983 2155 1115 2205 aevum,
1142 2138 1197 2194 Go-

38 2273 41 2280 ,
86 2223 173 2276 torum
205 2223 306 2294 aiv-s,
340 2225 509 2281 Graecorum
537 2224 615 2282 atala
661 2224 734 2281 Sunt
766 2229 859 2279 autem
879 2223 947 2279 XlV
975 2223 1033 2277 sius
1069 2221 1198 2278 vocabuli

86 2301 187 2362 formae
206 2307 253 2376 (cf.
272 2309 389 2367 Atreus.
408 2310 442 2366 de
459 2310 524 2366 dial.
542 2309 608 2366 Dor.
626 2327 653 2380 p.
673 2311 743 2376 alili:

118 2394 176 2444 alet
190 2409 213 2448 s.
234 2393 324 2458 alfsi,
342 2394 394 2448 ἀεί.

119 2477 176 2536 utic
194 2475 335 2546 (Lacon),
353 2476 399 2541 ἀές
419 2477 518 2548 (Dor),
537 2480 583 2530 ale
600 2476 696 2546 (Lac),
715 2477 748 2531 ἀέ
764 2475 865 2546 (Dor),
884 2474 929 2542 αὶή
949 2474 1124 2544 (Tarentino.

120 2561 179 2613 altr
198 2558 300 2627 (Dor),
318 2560 368 2615 aa
385 2559 560 2628 (Bonifatius
577 2560 617 2614 als
636 2557 682 2615 dev
698 2555 727 2614 ds
748 2557 857 2628 (Aeol),
875 2557 905 2628 ἡί
922 2558 1050 2626 (Boeoti.

90 2635 163 2701 Quae
184 2639 291 2697 formae
317 2643 340 2696 si
367 2659 461 2697 omnes
489 2660 521 2697 ex
539 2659 597 2696 una
614 2641 732 2713 denique
756 2641 945 2713 profluxerunt
973 2642 1073 2714 stirpe,
1099 2659 1197 2713 puram

90 2721 197 2794 stirpem
219 2726 280 2782 sine
298 2726 382 2780 dubio
410 2728 530 2781 servavit
548 2727 691 2804 Laconum
719 2730 747 2779 et
764 2725 936 2780 Cretensium
959 2729 1018 2786 αῑές
1041 2743 1061 2778 ε.
1081 2725 1197 2793 *utiba

90 2803 203 2864 &uilem
220 2809 298 2864 illam
313 2808 454 2866 femininis
473 2809 562 2872 aldais
580 2814 606 2876 (e
625 2809 710 2880 stirpe
728 2807 846 2875 *aliaeu
869 2806 925 2874 olcis
944 2810 972 2875 (e¹
985 2813 1019 2864 st.
1039 2808 1132 2878 *elom
1153 2808 1197 2862 eui

90 2889 211 2958 opinioni
233 2893 359 2948 nonnihil
376 2891 463 2954 ‘affert
489 2891 632 2964 praesidii,
656 2891 732 2962 quod
749 2891 785 2946 ab
802 2890 949 2951 Eustathio
966 2910 993 2962 p.
1011 2895 1075 2960 50¹,
1104 2895 1136 2946 36
1158 2891 1197 2946 ia·
1243 2913 1246 2920 ·

90 2971 189 3030 minino
207 2992 311 3050 genere
328 2977 467 3034 interdurn
484 2975 612 3046 usmpari
627 2991 723 3030 vocem
742 2973 812 3030 αἰών
829 2974 960 3028 traditum
973 2979 1014 3028 est
1027 2981 1055 3030 et
1069 2975 1098 3030 in
1108 2975 1206 3054 Bekis.¹

91 3054 191 3115 Anecd.
211 3077 238 3130 p.
257 3061 321 3128 363,
353 3061 392 3113 17.
410 3057 561 3112 accusativi
587 3057 695 3112 brevior
719 3055 807 3112 forma
836 3059 889 3110 atsi
917 3055 1044 3127 affertur,
1071 3073 1143 3129 quae
1160 3059 1196 3112 ab

91 3135 248 3195 Hermanno
266 3141 408 3213 ingeniose
426 3141 554 3196 restituta
571 3146 612 3195 est
630 3141 660 3194 in
678 3139 801 3210 Choeph.
819 3157 844 3196 v.
859 3145 907 3195 350
927 3157 1053 3212 quaeque
1066 3140 1196 3196 facillime

91 3223 217 3278 exsistere
240 3229 351 3296 poterat
379 3239 411 3279 ex
431 3223 547 3292 *αἱόσα,
574 3239 657 3296 aegre
681 3228 826 3278 revocatur
843 3224 879 3277 ad
898 3224 1098 3279 nominativum
1116 3225 1195 3302 atriu

92 3303 141 3368 (Cf.
159 3305 248 3362 Curtii
263 3305 505 3380 Erlaeuterungen
522 3323 549 3380 p.
571 3309 623 3376 33.)
657 3307 699 3361 Ex
716 3307 797 3362 huius
822 3308 914 3380 stirpis
937 3308 1055 3364 locativo
1074 3309 1196 3364 *amru

91 3387 205 3454 primum
227 3391 315 3448 eiecta
334 3391 428 3448 littera
451 3410 469 3446 σ
494 3391 597 3463 prodiit
619 3392 712 3459 alfsi,
738 3396 769 3446 nt
793 3407 808 3446 e
833 3394 962 3462 *ytres-s
983 3397 1077 3462 γένεις
1100 3399 1199 3448 contra

92 3468 196 3528 abiecta
208 3474 298 3528 vocali
316 3486 330 3530 ῐ
341 3475 468 3530 Lacones
487 3481 515 3530 et
532 3474 676 3531 Cretenses
689 3475 910 3545 pronuntiabant
921 3477 1030 3542 *aiffa
1043 3481 1102 3538 αἰές
1115 3477 1198 3546 (sicut

92 3567 138 3620 pro
157 3557 294 3628 *λέγε-σι,
320 3559 402 3631 volgo
420 3563 521 3630 λέγεις,
546 3575 611 3630 pars
628 3557 805 3614 Doriensium
827 3559 937 3614 dicebat
954 3561 1056 3630 λέγες),
1079 3561 1198 3636 denique

91 3650 138 3702 pro
159 3640 368 3699 rsubstitutum
391 3647 433 3697 est
450 3662 467 3698 ν
484 3640 701 3714 ἔφελκυστικόνι
731 3645 827 3712 alfio,
846 3648 919 3712 altr,
948 3648 980 3698 ut
1005 3661 1056 3716 pro
1082 3646 1198 3717 λέγομες

93 3716 146 3782 (lat.
163 3722 318 3796 legimus)
340 3726 464 3800 plerique
489 3726 675 3798 loquebantur
697 3731 823 3801 λέγομεν.
858 3727 900 3782 Ex
924 3728 966 3782 his
988 3733 1081 3782 autem
1102 3727 1197 3799 primis

93 3797 182 3859 formis
201 3807 291 3874 αἱΓεί,
308 3809 415 3876 *alfia
431 3809 525 3874 *arfa
541 3809 644 3863 *alfio
661 3811 797 3882 quomodo
816 3815 892 3866 ortae
906 3809 961 3864 sint
974 3826 1069 3866 omnes
1082 3815 1198 3880 ceterae,
1226 3858 1229 3875 ,

93 3893 186 3952 sponte
203 3891 382 3964 intellegitur.
420 3892 480 3957 Quo
499 3892 527 3946 in
545 3909 658 3947 numero
676 3909 738 3948 cum
754 3893 903 3964 pleraeque
920 3891 1024 3948 formae
1041 3895 1123 3957 unius
1142 3894 1198 3950 dia·
1218 3941 1221 3950 .

93 3963 153 4024 lecti
169 3970 237 4028 fines
255 3991 397 4050 nunquam
414 3991 541 4046 egressae
560 3975 627 4042 sint,
648 3981 719 4048 alst,
737 3978 791 4044 ἀεί,
811 3981 871 4032 αἰέν
888 3977 952 4032 inde
970 3977 1006 4030 ab
1024 3977 1136 4032 Homeri
1155 3994 1198 4035 ae·

93 4053 146 4105 iaie
163 4063 275 4128 propter
299 4057 422 4114 diversae
447 4075 592 4114 mensurae
610 4061 830 4114 commoditatem
858 4061 886 4116 in
913 4061 1069 4116 universam
1095 4062 1200 4134 poesim

95 4127 224 4194 Graecam
241 4148 368 4214 receptae
385 4143 545 4216 tragoediae
562 4160 672 4215 quoque
689 4160 858 4216 magnopere
875 4161 904 4198 se
922 4143 1160 4200 commendabant.

85 4227 87 4234 ⁴
938 4231 988 4284 tt*
1211 4229 1213 4236 '
