3056 4968
871 474 928 537 198

341 675 571 737 nonuunquam
599 653 661 716 viri
684 652 784 736 docti,
818 653 879 718 hoc
901 651 1132 739 Aristophanis
1161 653 1235 717 freti
1263 654 1451 736 testimonio,

340 753 374 816 in
395 749 638 840 tragoediarum
660 775 785 838 quoque
809 753 984 819 convenire
1005 754 1184 822 orationem
1203 751 1357 819 arbitrati
1373 763 1452 833 sunt,

341 872 405 914 non
428 858 578 914 curantes
600 849 665 933 illi,
693 852 855 935 quodnam
877 853 985 937 poesis
1007 873 1109 935 genus
1132 850 1242 914 ridens
1266 861 1367 938 poeta
1386 852 1452 914 imi-
1523 893 1524 896 =

340 960 427 1014 tatus
450 950 508 1012 sit:
542 949 655 1034 opicae
684 949 809 1014 scilicet
837 971 952 1031 voces,
983 969 1064 1033 quas
1085 971 1151 1013 non
1172 969 1247 1014 raro
1269 953 1380 1015 iocose
1402 948 1452 1012 ad·

341 1049 477 1111 miscent
498 1048 622 1129 comici,
643 1046 723 1112 nihil
744 1071 878 1134 prorsus
901 1048 964 1112 huc
986 1048 1126 1122 faciunt3
1145 1049 1346 1133 tragicorum
1369 1071 1454 1128 vero,
1523 1069 1524 1080 *

341 1167 573 1233 saepenumero
594 1149 692 1210 etiam
713 1146 889 1232 lyricorum
914 1146 1149 1212 imitationibus
1164 1147 1314 1233 ipsarum
1329 1157 1453 1232 tragoe-

342 1244 469 1308 diarum
493 1246 596 1309 oratio
618 1245 665 1308 ita
683 1244 879 1328 illustratur,
910 1257 945 1310 ut
973 1245 1051 1331 quid
1072 1245 1324 1332 unumquodque
1346 1247 1455 1331 poesis

341 1365 443 1428 genus
465 1343 581 1409 decere
602 1345 817 1410 Athenienses
839 1349 1023 1410 censuerint
1030 1391 1039 1427 ,
1072 1344 1151 1430 quid
1173 1343 1358 1430 elegantiae
1380 1344 1455 1408 fines

240 1463 242 1469 ·
343 1442 517 1523 excedere,
550 1443 777 1508 ecomoediae
803 1443 1008 1509 irrisionibus
1036 1443 1197 1508 interdum
1217 1443 1314 1508 facile
1335 1442 1455 1507 intelle

341 1551 449 1628 gatus.
493 1543 574 1624 Quis
597 1553 646 1607 est
667 1545 752 1607 enim
770 1579 809 1590 -
830 1552 874 1608 ut
887 1543 1062 1628 adiungam
1078 1541 1264 1628 exemplum
1278 1575 1320 1590 -ν
1342 1542 1456 1628 quine
1524 1555 1525 1576 ¹

344 1641 539 1728 Thesmoph.
562 1662 613 1706 vv.
631 1648 702 1710 877.
724 1653 755 1706 et
776 1647 851 1711 878:
884 1688 887 1696 ,

509 1733 613 1804 ποίαν
634 1737 671 1803 δὲ
689 1735 801 1821 χώραν
819 1733 1050 1820 αἰςεκέλσαμεν
1071 1735 1212 1824 σκάφαις
1232 1775 1274 1786 -

511 1831 696 1921 Aibvncoa
717 1875 757 1888 -
779 1828 809 1901 ci
831 1833 998 1924 δύστηνος,
1022 1826 1059 1901 οἷ
1078 1832 1371 1916 πεπλώκαμεν,

343 1937 400 2001 ubi
422 1946 528 2025 poeta,
552 1941 606 2025 qui
628 1940 662 2002 in
686 1941 772 2004 omni
791 1938 853 2004 hoc
873 1938 944 2004 loco
965 1961 985 2002 a
1006 1960 1104 2004 versu
1120 1945 1191 2007 846.
1212 1939 1281 2002 fere
1297 1937 1456 2024 usquead

343 2059 374 2101 v.
389 2043 457 2104 946.
480 2037 610 2103 abunde
631 2037 823 2124 perstringit
842 2035 1013 2124 Euripidis
1031 2037 1228 2114 Helenam3)
1250 2047 1369 2122 aperte
1392 2037 1455 2101 illu·
1524 2021 1525 2042 ¹

344 2133 391 2200 dit
410 2134 489 2200 Eur.
510 2135 583 2201 Hel.
605 2157 637 2200 v.
654 2142 734 2204 532:
857 2147 860 2154 '
1524 2121 1525 2172 3

468 2231 648 2314 πορθμοὺς
670 2226 705 2297 d'
730 2226 886 2296 ἀλᾶσθαι
905 2226 1043 2314 μυρίους
1061 2227 1324 2308 πεπλωκότα,

344 2333 485 2397 coniciet
520 2335 602 2420 ipsis
637 2332 892 2398 Atheniensibus
923 2333 1068 2399 Ionicsm
1104 2355 1216 2399 vocem
1252 2327 1456 2397 πεπλωκότα

345 2436 440 2516 (quae
461 2442 632 2518 praeterea
653 2455 814 2522 nusquam
836 2431 924 2520 apud
946 2435 1122 2520 scriptores
1137 2432 1265 2497 Atticos
1281 2434 1457 2518 reperitur)

344 2531 378 2592 in
410 2530 583 2615 tragoedia
608 2531 720 2596 Attica
750 2532 847 2596 nimis
878 2533 1058 2618 quaesitam
1090 2532 1198 2595 visam
1212 2543 1299 2595 'esse
1331 2541 1365 2597 et
1398 2541 1456 2596 tur

344 2627 479 2712 gidam?

429 2725 523 2808 Quae
546 2749 617 2792 cum
646 2730 695 2794 ita
722 2730 801 2812 sint,
832 2751 897 2794 non
918 2737 1043 2793 tantum
1066 2750 1150 2813 quae
1170 2727 1259 2814 apud
1280 2728 1459 2794 Pindarum
1525 2771 1526 2818 q

345 2823 497 2910 leguntur
519 2827 655 2910 similia,
686 2833 721 2892 in
741 2827 804 2892 hac
826 2827 1045 2914 disputatione
1064 2826 1208 2891 breviter
1234 2849 1293 2891 suo
1315 2848 1459 2912 quaeque
1525 2845 1526 2850 ’

345 2923 417 3017 loco
439 2926 715 3009 enumerabimus,
747 2927 805 2991 sed
832 2927 928 2990 etiam
950 2924 1181 3012 Aristophanis
1204 2925 1381 3011 exemplis,
1407 2923 1458 2989 ubi

346 3045 429 3108 opus
452 3046 523 3089 esse
545 3024 725 3109 videbitur,
758 3025 802 3090 ad
829 3025 1076 3112 peregrinarum
1106 3025 1286 3088 formarum
1317 3026 1458 3090 rationes

346 3131 378 3186 et
398 3145 531 3189 caussas
553 3124 753 3190 commodius
773 3124 987 3212 explicandas
1007 3133 1146 3188 utemur.

369 3270 372 3278 .
427 3221 498 3286 Iam
520 3247 598 3289 vero
620 3223 901 3309 transgrediamur
916 3223 959 3288 ad
974 3245 1013 3288 ea
1028 3222 1108 3287 artis
1124 3221 1257 3285 criticae
1273 3220 1457 3286 adiumenta

347 3343 431 3404 quae
460 3323 542 3408 ipsis
569 3323 796 3386 contineantur
821 3321 999 3409 tragoediis
1019 3319 1168 3386 Graecis
1211 3319 1319 3406 Atque
1349 3322 1384 3384 in
1411 3319 1456 3382 his

348 3419 480 3504 quidem
502 3423 614 3508 quanti
636 3423 790 3486 momenti
812 3421 855 3484 sit

862 3604 892 3683 ὅ.
915 3607 943 3668 3.

771 3717 890 3782 Metri
911 3701 1036 3799 ratio,

347 3833 404 3896 vix
433 3843 482 3897 est
512 3832 598 3919 quod
625 3835 789 3920 copiosius
822 3855 1031 3920 exponamus.
1079 3818 1245 3918 Apparet
1261 3833 1346 3895 enim
1375 3827 1449 3892 nihil

348 3931 421 4016 plus
441 3932 551 3996 valere
578 3946 675 4029 quam
702 3953 911 3998 numerorum
937 3931 1160 3998 condicionem
1188 3940 1220 3994 et
1242 3930 1285 3993 ad
1307 3930 1450 4014 detegen-

347 4150 371 4174 ,ι
395 4129 501 4199 ¹³)=tif.
518 4129 702 4188 Ribbeekium
720 4130 756 4184 ad
773 4129 895 4184 Acheru.
914 4145 941 4200 p.
956 4131 1082 4184 ras-98.
1100 4131 1129 4182 st
1146 4132 1203 4184 not.
1223 4131 1264 4200 tt.
