3070 4962
349 608 491 691 elisione,
513 633 597 697 quae
617 611 654 675 fit
676 621 751 674 ante
768 609 913 676 vocalem
936 611 1054 697 spiritu
1080 632 1197 696 aspero
1219 608 1318 696 vulgo
1342 610 1459 697 praedi·

348 715 424 788 tam,
446 730 506 794 pro
528 719 618 774 muta
639 712 786 796 aspirata
807 708 936 794 vulgari
956 718 1084 774 tenuem
1114 731 1243 795 ponere.
1287 709 1460 774 Seuer-ioris
1518 699 1519 788 i

349 805 447 875 medo
470 807 559 872 Iadis
586 807 649 872 hcc
670 810 838 895 proprium
861 829 932 872 csse
953 807 1030 872 inde
1051 801 1200 896 apparet,
1224 809 1310 893 quod
1331 811 1367 874 in
1385 809 1461 894 Hip·
1518 813 1519 884 l

292 910 294 918 ’
348 906 493 992 pccratis
515 905 654 972 dialecto
678 930 761 994 quae
792 919 826 970 ut
847 908 912 972 iam
932 929 1032 993 supra
1054 907 1198 974 indicavi
1228 929 1293 974 ncn
1314 932 1381 972 una
1400 919 1462 974 tan·
1518 899 1519 966 l

348 1014 413 1069 tum
436 1004 476 1069 de
500 1027 600 1072 causa
620 1007 728 1072 mitior
750 1007 900 1072 vocanda
922 1016 979 1088 est,
1002 1029 1129 1092 semper
1144 1008 1309 1093 aspiratae
1322 1017 1357 1071 ut
1371 1007 1462 1093 vulgo
1518 1009 1519 1040 ³

170 1097 173 1106 '
239 1117 241 1123 “
348 1103 499 1187 leguntur
512 1106 544 1183 ¹).
587 1106 703 1170 Nonne
723 1106 840 1191 igitur,
864 1107 891 1170 si
913 1129 996 1192 quae
1024 1107 1059 1170 in
1080 1105 1399 1192 Iambographcrum
1421 1129 1462 1170 re·

347 1202 458 1290 liquiis
480 1203 575 1270 huius
595 1207 643 1270 rei
665 1205 817 1292 exempla
837 1214 984 1286 exstant,
1006 1228 1064 1292 pro
1087 1204 1182 1270 firmo
1204 1207 1390 1270 testimonio
1414 1206 1462 1270 ha-

348 1302 456 1367 benda
476 1313 559 1385 sunt,
583 1327 637 1369 ecs
659 1305 906 1391 diligentissime
920 1305 1062 1391 patriam
1076 1303 1251 1370 dialectum
1273 1305 1459 1372 effinxisse?

348 1401 425 1468 Jam
444 1402 595 1490 leguntur
617 1403 713 1470 haec:
965 1487 967 1493 ,

431 1502 529 1568 Arch.
554 1501 649 1589 epod.
674 1511 747 1570 115:
776 1494 834 1564 ἐπ’
859 1497 943 1584 ἥβης
971 1502 1073 1591 (apud
1094 1503 1275 1591 Hephaest.
1298 1496 1354 1566 ἐπ’
1387 1497 1463 1590 ἥβης

349 1601 435 1683 Flu,
456 1595 715 1688 ἐωήβηςΑΟΡὸ,
737 1602 833 1688 vulgo
851 1592 910 1688 ἐφ’
935 1595 1027 1688 ἥβης)
1048 1612 1120 1668 tetr.
1144 1609 1193 1681 70,
1211 1608 1244 1667 2:
1268 1594 1324 1664 ἐπ’
1347 1597 1463 1689 ἡμέρην

335 1691 418 1778 (ἐπ’
442 1701 541 1788 Diog.
560 1701 680 1782 Laert,
702 1693 758 1786 ἐφ’
785 1703 895 1784 ceteri,
926 1701 992 1766 vid.
1013 1700 1158 1786 Bergk).
1179 1738 1221 1748 --
1242 1701 1318 1767 Sim.
1342 1709 1379 1785 7,
1414 1711 1463 1770 51:

282 1791 286 1797 ⁵
349 1796 505 1881 ἐπίμερον
532 1800 633 1887 (apud
664 1801 754 1866 Stcb.
782 1799 811 1864 A
841 1801 935 1882 Voss.
965 1799 1062 1865 Vind.
1085 1800 1170 1883 Ars,
1204 1796 1258 1886 ἐφ.
1287 1801 1408 1889 vulgo).
1434 1804 1462 1866 in

349 1891 554 1979 ἂμπέχοννες
587 1906 623 1966 12
655 1902 761 1965 tenuis
783 1909 918 1986 propter
938 1921 957 1976 χ
978 1900 1141 1988 sequentis
1170 1899 1317 1986 syllabae
1345 1925 1462 1968 assum·

349 2008 407 2086 pta
422 2021 493 2066 esse
514 1998 642 2064 videtur
659 1997 731 2064 aliis
751 1999 900 2066 dialectis
912 1999 1182 2086 conspirantibus.
1203 2036 1241 2072 -,
1264 2001 1365 2088 Hipp.
1383 2003 1461 2066 trim.

350 2104 399 2180 42,
425 2105 457 2162 1:
480 2089 538 2160 ἐπ’
569 2090 738 2184 ἁρμάτων,
771 2099 810 2164 cf.
834 2099 946 2164 Tzetz.
969 2121 1060 2184 excg.
1083 2097 1131 2180 Π,
1164 2121 1196 2185 p.
1222 2105 1276 2166 78:
1307 2097 1363 2165 κάὶ
1393 2092 1459 2164 cini

348 2199 415 2258 τῶν
453 2193 581 2260 δασέων
604 2193 693 2283 ψιλὰ
725 2192 927 2284 ἔξεφώνουν,
956 2192 1002 2274 ὡς
1029 2192 1095 2281 ἔχει
1123 2191 1142 2284 ἡ
1170 2190 1292 2278 ἀρχαία
1325 2192 1460 2286 Ἰωνική,

349 2291 588 2376 anspertum
611 2289 683 2360 ἀντὶ
709 2299 769 2361 τοῦ
796 2292 998 2381 ἐπιβρύχων,
1028 2293 1148 2372 καὶτὸ
1178 2290 1243 2360 ἐπ’
1275 2290 1462 2384 ἁρμάτων

349 2392 462 2458 τεκαὶ
486 2388 652 2478 Θρηϊκίων
672 2391 802 2474 πώλων,
834 2394 891 2462 καὶ
919 2393 1184 2481 μεταρμόσαμ
1211 2403 1311 2474 (recte
1331 2400 1461 2466 fortasse

349 2504 443 2582 putat
462 2495 626 2581 Bergkius
655 2497 753 2560 etiam
782 2491 968 2581 ἒπιβρύκων
995 2508 1027 2562 ct
1047 2491 1260 2580 perceptione
1281 2520 1324 2562 ex
1343 2499 1461 2586 Hippo·

351 2603 445 2658 nacte
467 2596 569 2681 petita
591 2601 684 2678 esse),
703 2595 886 2662 Meinekius
909 2598 1042 2683 scripsit
1063 2587 1121 2658 ἐπ’
1145 2590 1221 2675 ἁρμ.

432 2707 534 2775 Arch.
555 2719 627 2775 tetr.
649 2716 697 2789 54,
722 2719 755 2776 1:
783 2705 907 2777 Γλαῦκ’
933 2707 1004 2798 ὅρα,
1026 2711 1115 2799 apud
1132 2710 1343 2777 Heraclidem
1361 2713 1460 2779 Ponti-

354 2829 427 2872 cum
450 2817 481 2872 et
501 2808 712 2874 Plutarchum
734 2811 826 2877 codd.
850 2811 991 2896 Γλαῦκε,
1014 2811 1113 2898 vulgo
1135 2813 1166 2872 Γ
1164 2802 1273 2888 λαῦχ’,
1293 2811 1460 2877 Schneide-

292 2986 294 2990 ,
351 2909 454 2972 winus
482 2931 546 2991 „ex
573 2912 859 2994 grammaticorum
889 2911 1039 2999 placitis“
1073 2911 1205 2997 scripsit
1233 2907 1363 2974 Γλαῦκε
1393 2907 1460 2992 ὅρα.

350 3007 493 3095 Hippon.
513 3016 554 3072 tr.
576 3015 611 3073 7:
634 3000 737 3096 κᾶφῇ,
760 3011 902 3076 Tzetzae
922 3011 981 3076 AB
1004 3011 1038 3074 in
1058 3033 1100 3075 m.
1125 3009 1294 3074 exhibent:
1324 3002 1394 3096 ἆφὴ
1411 3005 1461 3072 καὶ

351 3097 441 3188 ἅρμα
463 3103 520 3170 καὶ
540 3106 580 3170 τὰ
602 3106 709 3172 λοιπὰ
727 3103 760 3173 oi
774 3101 886 3185 Ἴωνες
912 3107 1064 3196 ψιλοῦσι.
1088 3115 1144 3175 31:
1171 3099 1360 3173 aricdllrcv
1383 3109 1461 3188 (vide

351 3217 460 3272 tamen
481 3211 511 3289 ξ.
534 3213 574 3285 8).
617 3209 726 3274 Anani
748 3219 819 3276 tetr.
842 3219 871 3292 5,
895 3217 947 3276 10:
971 3201 1134 3293 κήμέρης,
1157 3207 1247 3294 apud
1268 3208 1461 3273 Athenaeum

351 3306 439 3370 PVL
459 3297 626 3392 u’tue'cs
651 3308 677 3388 C
698 3300 866 3394 κωμέων

433 3405 510 3471 Sim.
534 3413 561 3486 7,
588 3413 660 3472 113:
681 3399 836 3488 τούτέρου
859 3407 960 3494 (apud
983 3405 1072 3471 Stob.
1099 3405 1192 3470 Voss.
1215 3416 1247 3470 et
1268 3407 1364 3474 Vind.
1386 3429 1405 3472 a
1424 3431 1458 3470 m.

353 3527 376 3570 s,
402 3501 454 3592 [m.
477 3505 584 3591 prima
607 3503 775 3592 γυναῖκα],
796 3506 826 3570 Α
847 3509 905 3571 τοῦ
929 3500 1051 3588 ἑτέρου,
1073 3503 1147 3570 Ars.
1168 3506 1226 3568 τοῦ
1248 3501 1338 3584 νέου,
1361 3507 1460 3572 Trinc.

417 3775 440 3840 1)
463 3772 602 3826 Tenuium
621 3787 803 3826 consonarum
823 3771 948 3842 exempla
964 3769 1043 3824 nulla
1060 3771 1154 3826 inveni
1172 3770 1239 3826 nisi:
1258 3770 1291 3826 E.
1309 3771 1337 3840 1,
1357 3774 1401 3825 180
1416 3768 1460 3822 οὐν

352 3856 537 3928 ὑπέστρεψαν
551 3855 633 3910 'AAL
653 3858 686 3908 28
703 3856 752 3910 οὐκ
770 3850 870 3924 οἷόντε,
890 3855 938 3909 ἀπ’
968 3851 1042 3908 ὅτων
1059 3855 1109 3926 οὐχ
1135 3856 1331 3925 ὑποδεγονναι.
1353 3853 1399 3910 GV
1417 3854 1455 3904 21-

356 3942 400 3992 22:
422 3933 501 4000 αὖτις
519 3942 627 4007 (contra
646 3945 678 3991 u:
697 3937 764 3992 ΕΠΙ
788 3957 815 4010 p.
836 3942 893 3995 220.
918 3942 975 3994 222.
1000 3939 1079 3992 AAL
1098 3939 1149 4010 31).
1186 3937 1263 4002 Quae
1288 3943 1397 4010 propter
1416 3935 1458 3988 im-

356 4039 480 4076 mensam
496 4023 700 4078 multitudinem
718 4025 793 4076 recte
810 4023 974 4094 scriptorum
995 4023 1074 4076 nihili
1095 4021 1223 4077 facienda
1250 4028 1323 4077 sunt.
1359 4022 1460 4089 Semper

355 4105 421 4159 dicit
433 4105 520 4176 Hipp.
539 4107 682 4178 δέχεσθαι,
703 4104 738 4160 uf.
757 4106 787 4162 C.
809 4110 865 4162 103.
885 4109 1019 4162 143..160.
1037 4105 1084 4176 ΕΙ,
1103 4124 1129 4176 p.
1148 4109 1207 4164 16³.
1224 4106 1280 4162 VA
1297 4111 1339 4162 68.
1358 4105 1404 4162 CV
1419 4104 1456 4155 31.
