3056 4968
607 464 665 527 185

52 647 55 654 ’
138 647 255 734 ltaque
276 653 364 731 puto,
387 645 585 730 primitivam
606 645 706 710 fuisse
726 644 864 708 formam
884 647 968 716 colis,
993 664 1076 730 quae
1092 640 1188 706 offen-

84 747 201 810 sionem
218 767 284 810 non
303 743 446 830 praebet,
466 745 495 808 si
507 745 698 831 respicimus
709 743 846 830 primam
866 740 1002 828 pluralis
1015 763 1188 826 personam

81 851 227 926 colamus,
259 865 341 933 quae
368 843 442 929 ipsa
469 843 616 909 vocalem
643 850 718 908 ante
743 842 1002 909 terminationem
1030 839 1187 906 ostendat.

81 943 210 1008 Voealis
232 953 341 1010 autem
363 943 440 1006 o·in
463 947 539 1006 colis
563 951 697 1028 propter
720 951 904 1030 sequentem
926 947 938 1002 c'
957 939 1101 1006 litteram
1121 941 1156 1018 ip
1178 944 1189 1002 i

80 1045 219 1126 uansiit3
242 1065 318 1107 nam
341 1041 452 1108 eodem
463 1040 541 1120 loco,
556 1064 618 1128 quo
631 1041 754 1106 vocali's
772 1065 789 1103 c
803 1040 856 1104 vel
878 1064 908 1123 u,
921 1039 1026 1105 olim'o
1036 1039 1141 1104 fuerat
1151 1040 1188 1102 in

81 1141 212 1208 vocibus
226 1149 326 1204 consul
339 1147 451 1221 (eccm),
467 1147 621 1220 famulans
636 1127 735 1202 incolo
753 1143 786 1209 in
804 1139 875 1205 aliis
890 1141 1035 1226 cognatis
1050 1139 1159 1204 verbis
1178 1143 1189 1200 ι’

81 1243 251 1324 successit,
279 1240 369 1305 velut
389 1241 423 1304 in
443 1243 611 1322 concilium,
626 1243 769 1318 familia,
783 1243 970 1321 inquilinus.
1012 1238 1187 1304 Praeterea

80 1340 361 1424 commemoranda
375 1348 449 1407 sunt
470 1361 552 1426 quae
563 1338 757 1412 Ritschelius
773 1340 818 1416 (in
830 1338 937 1404 indice
953 1337 1050 1402 schol.
1063 1337 1187 1402 hibern.

79 1461 104 1502 a.
118 1445 195 1508 1853
207 1443 326 1506 ortem
335 1437 430 1526 p.V.)
442 1440 526 1502 inter
537 1461 572 1504 se
581 1440 800 1524 comparavit:
822 1442 1019 1520 Verqclcyru,
1033 1441 1189 1518 Verqc'licr,

77 1543 222 1619 ceruja
234 1541 363 1620 Aeolius,
388 1539 557 1620 oaaunjuc
582 1541 722 1601 &callim
740 1537 779 1603 al.
803 1535 929 1613 (videas
943 1539 1040 1602 otiam
1056 1536 1187 1602 Corsse-

78 1659 151 1700 num
173 1638 215 1702 de
238 1638 405 1724 pronunt¹
426 1637 450 1718 l,
471 1641 552 1714 305).
594 1637 724 1702 Deinde
744 1659 785 1702 ex
809 1637 914 1702 forma
935 1638 1023 1699 *vilic
1046 1644 1118 1700 orta
1140 1645 1189 1698 est

55 1737 60 1748 '
79 1737 178 1801 eiecta
193 1737 384 1824 posterioris
408 1735 554 1822 syllabae
565 1735 673 1801 vocali
685 1738 772 1819 *vila
795 1759 858 1825 quo
874 1738 909 1802 in
922 1736 1024 1802 verbo
1039 1737 1188 1824 quamvis

77 1834 107 1898 in
124 1838 242 1901 ceteris
262 1834 439 1914 vocabulis,
460 1833 519 1899 ubi
531 1842 557 1896 le
580 1837 614 1899 in
625 1836 690 1900 fine
709 1837 899 1900 coniunctae
910 1837 1047 1918 fuerant,
1061 1861 1075 1897 s
1089 1835 1187 1900 abiioi

77 1933 213 2018 solebat,
237 1942 248 1996 l
268 1935 377 1999 littera
397 1935 502 2000 eiecta
524 1934 589 1998 esti
611 1937 767 1999 remansit
789 1935 920 2003 alterius
942 1956 1102 2022 personae
1123 1935 1187 1998 suf·

77 2031 175 2098 fixum
197 2059 220 2114 s,
244 2035 365 2121 quippe
389 2055 472 2121 quae
488 2033 596 2097 littera
613 2031 699 2120 illius
717 2034 847 2098 ¹formae
867 2036 1002 2120 propria
1025 2036 1066 2098 sit
1087 2043 1119 2099 et
1134 2057 1188 2122 pe-

79 2131 214 2200 culiaris.
258 2134 309 2198 lta
329 2131 412 2198 bene
434 2131 617 2219 explicatur
636 2130 738 2218 longa'
757 2133 851 2214 huius
872 2136 962 2199 vocis
984 2156 1143 2200 mensura.

504 2365 509 2373 .
585 2299 688 2378 §38-

133 2428 227 2504 Idem
249 2431 357 2495 evenit
384 2431 418 2495 in
445 2430 559 2517 paucis
585 2430 756 2496 vocabulis
773 2451 923 2519 quorum
954 2433 1055 2519 stirps
1076 2433 1186 2498 finitur

76 2547 107 2590 m
127 2551 155 2592 s:

135 2633 223 2692 arbos
246 2651 288 2694 ex
308 2630 459 2713 *ardes-a,
494 2632 583 2694 Ocres
611 2651 652 2694 ex
679 2630 843 2712 *Ocres-s„
866 2633 970 2710 pulvis
993 2653 1013 2696 e
1030 2633 1186 2712 *pulvis-e.

78 2722 281 2815 Quamquam
302 2729 336 2792 in
352 2732 455 2808 puluis
470 2739 589 2815 postea
610 2727 732 2794 vocalis
756 2739 907 2814 correpta
928 2740 984 2796 est.
1004 2765 1006 2774 x

136 2825 249 2893 Etiam
270 2828 304 2891 in
324 2829 610 2893 nominativorum
638 2828 769 2914 longam
799 2849 871 2892 esse
891 2829 1039 2894 vocalem
1060 2854 1080 2891 u
1102 2852 1188 2894 com-

27 3006 29 3017 Ι
79 2921 184 3005 plures
205 2926 433 3013 lexicographi
455 2927 662 3009 confirmant,
685 2928 776 2992 cuius
798 2929 845 2991 rei
867 2930 1019 3015 quoniam
1039 2929 1186 2994 nomina-

77 3020 159 3087 tivus
179 3024 277 3090 huius
304 3029 396 3102 vocis
418 3026 507 3114 apud
528 3035 642 3113 poetas
670 3027 716 3090 ita
742 3027 967 3093 tantummodo
1000 3037 1185 3114 usurpatur,

77 3127 109 3182 ut
122 3133 275 3211 sequatur
297 3147 440 3191 consona
463 3127 656 3212 positionem
679 3125 831 3210 efficiens,
853 3126 977 3192 nullum
994 3136 1102 3191 exstat
1118 3149 1185 3191 cen

77 3225 139 3284 tum
163 3222 356 3310 exemplum.

135 3318 286 3409 Denique
305 3323 370 3389 hue
389 3323 596 3411 adiungimus
617 3323 772 3389 nonnulla
792 3325 998 3390 substantiva
1020 3323 1188 3410 inquibus

78 3426 147 3482 ante
168 3423 360 3487 nominativi
381 3433 492 3488 notam
514 3449 528 3485 s
552 3423 674 3488 excidit
694 3423 831 3489 dentalis

135 3523 225 3605 obice,
246 3525 470 3604 ertemarius,
486 3547 552 3604 pce.
765 3529 766 3533 ’

136 3616 187 3684 De
217 3641 369 3686 mensura
399 3620 573 3688 verborum
596 3626 687 3702 pollis
717 3631 748 3686 et
779 3647 833 3684 vas
862 3622 976 3686 eadem
1008 3619 1048 3687 de
1070 3644 1185 3688 caussa

78 3733 156 3798 quse
177 3719 361 3807 pertinebat
383 3721 424 3785 ad
446 3745 510 3784 mcc
530 3729 652 3786 certum
675 3721 829 3788 iudicium
852 3723 960 3788 facere
980 3743 1046 3787 non
1060 3722 1144 3788 licet.

526 3857 528 3862 ’
584 3890 613 3970 §-
637 3891 685 3954 39.

134 4013 204 4084 Iam
228 4019 358 4106 saepius
378 4019 445 4084 hae
466 4019 501 4082 in
524 4017 742 4106 disputatione
763 4023 882 4084 mentio
907 4020 994 4084 facta
1022 4030 1071 4084 est
1091 4041 1186 4084 voea-

79 4105 222 4184 bulorum
245 4119 449 4206 quorundam
475 4139 561 4212 qnae
590 4141 664 4186 curn
692 4121 832 4208 speciem
864 4118 1088 4206 productionis
1110 4141 1183 4208 sup-
