3056 4968
617 487 674 552 173

147 663 482 730 Earum-litterarum·
498 663 538 730 de
563 663 679 751 quibus
701 664 796 730 modo
820 663 1015 729 mentionem
1043 661 1105 726 feci
1127 683 1200 726 con·

87 785 201 832 cursus
218 764 418 850 conspicitur
435 785 512 828 saue
530 766 565 830 in
580 769 706 845 deonas,
728 770 825 828 deamo
847 761 933 838 (0.1.
955 761 1055 826 Lati
1073 781 1105 826 n.
1122 765 1202 838 821).

87 861 151 926 Sed
184 862 337 948 leguntur
367 861 448 926 haec
483 863 517 926 in
546 862 597 928 his
633 862 713 929 solist
750 861 875 928 duobus
910 860 1101 946 antiquioris
1135 863 1201 924 mo·

88 963 236 1026 sumenti
275 959 363 1026 locis.
418 959 511 1028 Adeo
550 963 636 1028 euim
671 961 752 1026 levis
789 972 820 1024 et
856 957 951 1024 exilis
989 957 1043 1023 ille
1077 956 1200 1024 vocalis

87 1085 106 1122 u
136 1059 223 1124 veli
254 1082 351 1124 sonus
377 1060 411 1124 in
438 1060 539 1126 verbo
570 1067 704 1122 decumus
732 1059 783 1123 vel
813 1062 938 1121 decimus
967 1059 1043 1139 fuit,
1075 1067 1111 1120 ut
1133 1049 1201 1122 'vix

86 1157 241 1246 ⁴videatur
263 1158 393 1224 auditus
415 1160 515 1224 luisse
537 1169 773 1246 proptereaque
791 1156 944 1222 facillime
972 1158 1006 1220 in
1029 1153 1200 1220 scribendo

87 1258 246 1340 omissus,
276 1277 340 1344 quo
369 1258 456 1324 iacto
480 1257 564 1326 duae
595 1279 755 1324 consonae
786 1257 996 1332 conveniunt,
1027 1253 1202 1320 admodum

88 1353 238 1421 difficiles
271 1355 314 1420 ad
343 1358 620 1443 pronuntiandum
651 1366 686 1421 ut
716 1358 750 1420 in
781 1361 906 1418 vicecom
937 1359 977 1436 (ἕ.
1000 1359 1062 1432 21).
1110 1352 1203 1417 Haec

86 1453 227 1538 fuerunt,
250 1457 284 1518 in
305 1453 423 1540 quibus
446 1478 461 1516 c
483 1456 654 1540 gutturalis
676 1465 751 1520 ante
769 1480 797 1517 m
818 1478 838 1519 a
853 1454 1008 1520 Romanis
1024 1455 1201 1519 eiiceretur.

68 1634 73 1646 x
150 1559 327 1617 Lomentum
349 1572 390 1617 ex
408 1551 469 1618 hoc
485 1575 617 1620 numero
635 1556 816 1642 excipimus
832 1555 984 1640 quoniam
999 1553 1095 1618 huius
1109 1551 1202 1616 verbi

89 1652 286 1736 significatio
309 1650 409 1718 multo
431 1651 545 1718 melius
568 1654 707 1739 quadrat
728 1656 762 1717 in
777 1653 931 1722 Corsscni
953 1652 1226 1739 explicationem

88 1750 206 1837 (symb.
225 1751 297 1816 crit.
321 1773 353 1838 p.
371 1757 402 1828 2)
432 1754 486 1837 qui
509 1749 676 1839 prdpriam
694 1753 793 1818 fuisse
814 1753 1017 1816 *clamantum
1039 1752 1203 1818 existimat

89 1848 241 1933 formam,
257 1871 355 1935 quam
369 1850 513 1916 inPcttii
530 1851 789 1936 originationem,
806 1855 861 1938 qui
876 1851 1018 1916 radicem
1035 1853 1203 1916 telinense

91 1948 124 2011 in
145 1947 209 2014 boc
231 1948 332 2013 verbo
352 1948 530 2016 arbitratur
552 1971 635 2036 quae
658 1949 768 2014 subest
788 1951 862 2014 voci
883 1950 1022 2032 loqui²¹).

597 2115 627 2194 ξ.
650 2119 699 2180 30.

150 2228 309 2293 Venimus
333 2229 374 2294 ad
400 2254 415 2292 c
437 2227 593 2294 abolitum
616 2239 691 2293 ante
712 2253 732 2290 a
753 2228 912 2296 naualem:

151 2332 243 2390 Lana
266 2326 383 2392 dicitur
408 2351 467 2414 pro
491 2334 624 2408 *lacum
656 2326 743 2415 quod
772 2338 907 2415 propter
935 2328 1204 2416 significationem
1296 2311 1300 2332 ¹

92 2432 130 2510 et?
151 2425 382 2492 elementorum
411 2425 617 2492 concordiam
646 2426 822 2513 respondet
850 2426 905 2492 Gr.
927 2421 1042 2514 λάχνη,
1079 2421 1204 2506 λάχνος.

90 2519 218 2590 Eadem
243 2524 283 2589 de
306 2548 422 2590 caussa
444 2525 494 2590 his
522 2526 766 2592 adnumeranda
793 2535 842 2590 est
862 2549 893 2592 v.
916 2533 1043 2611 lunayo,
1078 2529 1111 2594 iu
1140 2550 1205 2615 qua

91 2621 173 2707 ipsa,
197 2645 271 2686 oum
293 2625 400 2710 prima
419 2623 546 2711 syllaba
568 2625 729 2712 producta
745 2626 796 2708 sit,
821 2634 986 2692 extrusum
1008 2627 1204 2714 gutturalem

91 2742 290 2788 conucrmus.

150 2820 266 2906 Neque
292 2820 349 2886 ulli
373 2821 567 2892 dubitationi
590 2822 732 2890 obnoxia
762 2832 812 2888 cst
833 2824 947 2890 eiectio
969 2825 1141 2910 gutturalis
1171 2826 1204 2888 in

90 2938 121 2984 v.
137 2942 255 2982 aranea
273 2929 407 3006 propter
431 2919 488 2986 Gr.
507 2913 648 3003 ἀραχνός
668 2921 722 2988 vel
742 2913 875 3008 ἀράχνῃ.
911 2921 1115 3009 Quamquam
1137 2946 1203 2988 vox

89 3019 260 3084 transiisse
281 3018 411 3086 videtur
431 3021 465 3084 in
486 3020 639 3086 Latinam
660 3019 805 3104 linguam
828 3043 845 3085 e
868 3019 1006 3087 Graeca.

151 3120 231 3199 deni,
255 3111 399 3180 denarius
420 3118 508 3183 facta
529 3142 570 3183 ex
592 3119 705 3181 *darni
725 3120 926 3203 *deoncrins,
954 3143 1092 3208 quorum
1115 3122 1205 3207 prior
1289 3149 1291 3152 ·

91 3213 220 3298 syllaba
240 3213 350 3280 brevis
373 3219 477 3281 estin
500 3221 605 3282 dicem.

147 3318 242 3394 pianr
270 3314 443 3394 c*picnas
472 3315 695 3381 Schleicherus
725 3318 924 3404 (compend.²
947 3341 978 3405 p.
1000 3323 1073 3397 259)
1094 3317 1204 3381 fictum

95 3432 165 3476 esse
187 3415 259 3478 iure
287 3423 403 3480 censet.
451 3417 475 3478 0
504 3417 587 3480 enim
617 3415 757 3480 litteram
788 3417 936 3484 videmus
965 3420 997 3481 in
1021 3422 1111 3498 picea
1133 3415 1203 3493 (Gr,

91 3505 210 3596 πεύκη)
234 3515 314 3592 pic-r
342 3513 363 3583 i.
394 3535 421 3580 e.
443 3517 518 3597 pia,
553 3538 573 3581 a
600 3515 717 3602 quibus
746 3517 880 3582 vocibus
908 3541 972 3584 non
1002 3516 1205 3604 segreganda

91 3607 220 3676 videtum
235 3617 340 3690 pinus.

142 3809 185 3875 21)
203 3807 283 3872 Quod
296 3810 447 3864 Corsscnus
458 3809 544 3864 Pottii
557 3811 735 3884 originationi
753 3812 886 3868 obsistere
904 3813 971 3868 dicit
987 3813 1090 3869 vocalis
1108 3819 1128 3868 ᾶ
1146 3814 1205 3868 lca·

93 3903 155 3956 gam
174 3906 331 3945 mensuram
350 3909 448 3962 parum
467 3894 663 3966 circumspecte
681 3897 816 3951 iudicasse
833 3898 943 3951 videtur
961 3898 1004 3950 vir
1020 3895 1205 3963 doctissimus3

93 3973 234 4027 non-enim
246 3989 359 4029 necesse
371 3981 413 4028 cst
425 3977 585 4032 lomentum
602 3977 687 4033 fuisse
704 3979 820 4034 formam
837 3981 1023 4051 originariam,
1040 3980 1089 4033 sed
1101 3981 1206 4036 lumer-

94 4060 148 4110 tum
161 4056 290 4112 facillime
308 4059 424 4113 evadere
442 4065 552 4130 poterat
568 4077 620 4131 per
636 4064 845 4134 productionem
863 4065 1060 4135 suppletorium
1077 4079 1110 4118 ex
1129 4062 1206 4117 *lte
