3070 4962
863 379 971 452 68Ι

325 557 473 623 euntibus
495 578 608 642 agam,
637 578 744 643 pauca
772 555 923 620 videntur
945 554 986 620 de
1007 556 1240 622 adverbiorum
1265 553 1439 640 generibus

325 657 418 722 etde
440 652 661 771 ἐπιρρήματος
680 658 809 721 nomine
831 655 978 719 dicanda.

405 758 455 822 Ac
484 757 625 843 primum
654 749 826 842 quidem'
810 749 1035 837 επιρρήματος
1061 777 1178 820 nomen
1208 777 1321 870 quum,
1354 754 1441 841 quod

325 858 561 942 sciamusque
587 853 677 940 apud
700 875 896 940 quemquam
917 853 1092 918 Aristotele
1115 856 1313 941 superiorem
1333 871 1441 938 neque

163 1019 167 1026 ,
233 941 246 982 ’·
323 960 357 1020 in
379 959 448 1042 ejus
473 953 700 1041 superstitibus
729 951 827 1017 hodie
854 951 947 1016 libris
969 952 1152 1038 legentibus
1182 967 1346 1036 occurrat,
1375 975 1441 1018 non

294 1053 538 1119 xdubitandum
568 1062 618 1116 est
644 1055 722 1138 quin
751 1074 788 1116 eo
815 1054 856 1116 sit
883 1055 1052 1118 recentius.
1098 1053 1179 1132 Quis
1207 1063 1315 1117 autem
1341 1055 1443 1118 fuerit

238 1141 242 1148 ⁴
323 1156 412 1220 vocis
436 1163 563 1228 auctor,
586 1153 658 1238 quis
680 1153 806 1234 estqui
828 1150 938 1214 dicat?
969 1151 1042 1216 Hoc
1068 1173 1168 1216 unum
1196 1153 1317 1217 scimus
1348 1151 1440 1218 illum

323 1253 503 1340 putandum
527 1274 605 1330 esse,
619 1250 672 1314 vel
693 1251 895 1336 superiorem
922 1249 1113 1314 Aristarcho
1144 1249 1197 1314 vel
1223 1253 1292 1338 ejus
1323 1273 1441 1339 acqua·

322 1353 394 1434 lem,
408 1375 506 1438 quum
518 1349 581 1432 hic,
595 1351 623 1414 si
641 1349 721 1414 tides
734 1348 885 1412 habenda
901 1359 950 1412 est
965 1348 1164 1428 Quintiliano
1178 1351 1204 1432 I,
1218 1358 1248 1432 4,
1260 1358 1310 1431 20,
1333 1375 1441 1435 „unus

323 1470 364 1517 ex
387 1452 512 1515 idoneis
534 1449 693 1513 duntaxat
716 1447 903 1512 auctoribus
924 1448 1088 1532 fueritqui
1110 1461 1182 1514 octo
1196 1453 1351 1516 orationis
1364 1473 1441 1538 par-

323 1562 372 1616 tes
389 1551 491 1614 secuti
515 1549 617 1613 sunt.“
660 1547 774 1634 Itaque
793 1570 858 1612 non
872 1547 1089 1633 improbabile
1111 1557 1161 1611 est
1180 1552 1270 1614 vocis
1292 1553 1440 1616 invento-

323 1673 391 1714 rem
413 1650 512 1713 fuisse
528 1671 627 1711 unum
649 1670 691 1712 ex
711 1649 752 1710 iis
775 1648 831 1730 qui
851 1646 1047 1710 tralaticiam
1062 1646 1162 1712 *illam
1192 1647 1232 1712 de
1263 1659 1336 1714 octo
1366 1673 1440 1715 ora·

322 1751 419 1814 tionis
439 1747 597 1834 partibus,
620 1767 758 1832 quarum
779 1768 845 1810 una
867 1756 916 1809 est
943 1739 1127 1830 ἐπίρρημα,
1155 1747 1338 1813 doctrinam
1364 1771 1439 1814 con-

325 1848 485 1912 diderunt.
529 1845 623 1925 Quae
644 1844 773 1930 quando
802 1844 932 1909 condita
954 1848 995 1908 sit
1024 1855 1056 1909 et
1078 1869 1098 1910 a
1120 1869 1183 1933 quo
1205 1869 1303 1932 quum
1323 1841 1386 1914 ho'c
1406 1860 1441 1913 et

322 1950 429 2033 ipsum
451 1967 555 2034 neque
577 1967 618 2008 ex
633 1944 770 2034 Graecis
792 1965 896 2031 neque
912 1967 953 2008 ex
964 1945 1091 2009 Latinis
1108 1949 1330 2030 grammaticis
1352 1969 1440 2012 com-

322 2057 450 2134 pertum
471 2044 664 2126 habeamus,
692 2067 744 2108 res
776 2051 807 2108 et
834 2047 868 2106 in
895 2043 1001 2107 medio
1031 2055 1080 2108 ost
1100 2044 1312 2132 relinquenda
1333 2069 1441 2134 neque

321 2167 473 2234 unquam,
497 2147 621 2230 opinor,
644 2143 687 2207 ad
707 2142 866 2230 liquidum
888 2143 1023 2228 perduci
1043 2147 1171 2228 poterit.

404 2242 470 2308 Sed
500 2242 730 2326 quaerentibus
750 2241 846 2306 nobis
876 2241 955 2328 quid
982 2251 1108 2306 veteres
1129 2245 1258 2308 nomine
1277 2244 1333 2308 illo
1354 2245 1440 2310 iudi-

322 2366 397 2408 care
418 2342 590 2422 voluerint,
613 2343 678 2427 ipsi
700 2329 881 2427 paratiores
904 2341 1041 2406 suntad
1062 2341 1335 2428 respondendum.
1377 2345 1439 2408 Di-

300 2451 406 2505 ·serte
427 2442 511 2504 enim
533 2440 679 2504 nonnulli
701 2449 789 2503 certe
814 2442 1020 2524 grammatici
1048 2435 1215 2526 ἐπίρρημα
1240 2463 1313 2506 esse
1342 2446 1438 2529 quasi

319 2539 641 2627 adjectivum'vorbi,
664 2531 825 2600 ἐπίθετον
845 2534 998 2623 ῥήματος,
1021 2541 1145 2604 docent
1188 2541 1283 2620 Quod
1304 2563 1368 2626 quo
1390 2545 1439 2607 fa-

318 2640 410 2703 cilius
430 2640 664 2724 perspiciatur,
686 2638 808 2723 aliquot
834 2637 922 2703 locos
954 2661 996 2703 cx
1027 2639 1227 2704 Graecorum
1260 2640 1354 2705 libris
1379 2643 1437 2706 ad-

320 2739 476 2803 scribam:
501 2737 607 2802 Schol.
629 2737 727 2802 Dion.
751 2737 830 2802 Thr.
852 2737 958 2803 Bekk.
979 2739 1042 2803 An.
1065 2761 1098 2825 p.
1120 2746 1191 2822 931,
1213 2746 1267 2808 28:
1290 2733 1437 2828 Εἱρήκα-

317 2858 378 2917 μεν
399 2847 443 2922 (p.
467 2841 537 2918 924,
559 2845 600 2918 4),
624 2858 677 2899 οτι
697 2832 735 2899 τὸ
765 2830 931 2921 ἐπίρρημα
958 2834 1045 2919 πρὸς
1071 2839 1159 2923 ῥῆμα
1192 2835 1346 2924 φέρεται·
1380 2839 1434 2904 did

317 2932 374 2998 καί
396 2931 499 3010 οὕτως
520 2927 713 3022 ὠνομάσθη.
735 2971 777 2982 -
797 2959 828 3022 p.
850 2941 921 3018 933,
947 2943 998 3004 18:
1027 2932 1191 3022 ἐπίρρημα
1214 2989 1220 3002 ,
1245 2989 1252 3004 .
1274 2987 1286 3004 .,
1305 2933 1436 3004 ἐπίκει-

317 3057 374 3098 ται
396 3027 450 3096 ἀεὶ
470 3036 514 3118 τη)
535 3029 672 3119 ῥήματι·
694 3031 768 3098 ἄνευ
790 3031 852 3118 γὰρ
858 3030 1038 3152 ῥημάτων
1042 3029 1079 3098 οὗ
1095 3031 1257 3120 συγκλείοι
1274 3034 1434 3106 διάνοιαν.

258 3201 263 3210 ,
314 3125 434 3197 Ιστέον
457 3129 534 3196 dd⁰
516 3155 568 3196 οτι
590 3130 677 3198 ὅπου
700 3129 866 3218 ἐπίρρημοί
888 3131 967 3210 ἐστι,
989 3131 1121 3254 ποίνηως
1141 3135 1198 3200 καὶ
1218 3141 1315 3221 ῥῆμα·
1344 3136 1433 3204 ὅπου

318 3229 354 3296 δὲ
375 3235 471 3327 ρημα,
495 3225 532 3295 οὐ
556 3228 689 3308 πάντως
711 3228 950 3320 ἐπίρρημαμ*
909 3241 1026 3300 -·24;
1055 3231 1092 3298 ἐκ
1113 3258 1169 3351 της
1191 3235 1374 3356 σηνταξεως
1395 3236 1434 3303 δέ

316 3325 435 3418 εἴληφε
456 3328 493 3394 τὸ
515 3325 681 3416 ἐπίρρημα
702 3354 760 3417 την
776 3325 981 3412 ὀνομασίαν..
1000 3331 1057 3396 διὰ
1079 3337 1177 3398 τοῦτο
1190 3333 1431 3424 γὰρέπίρρημα

319 3428 460 3514 λέγεται,
486 3426 603 3550 ἐπειδη
623 3425 683 3494 ἐπί
703 3455 735 3494 τι
758 3435 844 3518 ρημα
867 3428 1013 3517 φέρεται.
1018 3425 1188 3499 P.lanud
1210 3458 1287 3517 περι
1281 3432 1430 3556 ηοντοίξ.

316 3555 347 3648 p.
372 3538 439 3614 113,
463 3537 516 3598 30:
539 3523 704 3614 ἐπίρρημα
726 3533 764 3618 νη
788 3527 925 3612 διναμει
939 3525 1099 3596 arridetur
1119 3556 1175 3596 roo
1190 3537 1333 3621 ρνματος
1348 3557 1427 3614 εστι,

315 3624 358 3704 ὡς
377 3627 434 3693 καί
456 3621 537 3692 αὐτὸ
558 3625 596 3694 τὸ
620 3620 726 3709 ὄνομα
746 3623 861 3693 τούτου
877 3629 983 3715 δηλοῖ.
1023 3631 1156 3697 Idemts
1143 3637 1279 3700 tatuisse
1292 3636 1428 3702 Latmos

315 3729 544 3814 grammaticos
567 3737 598 3793 et
621 3751 663 3792 ex
684 3727 843 3794 Aduerbii
864 3733 1002 3815 nomine,
1027 3753 1089 3818 quo
1113 3731 1316 3798 Graecorum
1338 3729 1382 3798 ἐ
1355 3737 1427 3820 πίρ

316 3851 404 3912 ρημα
427 3837 577 3893 accurate
598 3828 753 3893 vertendo
775 3828 972 3916 reddebant,
994 3841 1026 3895 et
1048 3855 1088 3899 ex
1110 3831 1234 3899 Donati
1254 3833 1426 3900 Diomedis

314 3925 475 3990 Prisciani
498 3927 636 3992 aliorum
659 3927 698 3992 de
720 3951 758 3993 ea
779 3921 816 3992 rc
837 3929 967 4015 placitis
987 3930 1203 4016 liquidissime
1225 3947 1371 4020 apparet.

398 4023 553 4090 Videmus
574 4029 672 4112 igitur
696 4027 737 4093 ab
758 4028 809 4093 his
831 4030 997 4124 omnibus,
1025 4033 1080 4117 qui
1109 4041 1146 4094 ut
1164 4033 1198 4096 in
1219 4035 1293 4096 aliis
1315 4032 1424 4098 multis
