3148 4958
847 441 888 508 34

315 645 350 688 ευ
378 626 678 710 patronymicorum
710 627 837 690 ratione
865 623 1014 689 derivata
1042 633 1133 708 sunt,
1162 623 1251 690 haud
1279 625 1326 690 ita
1354 645 1432 690 raro
1549 681 1556 696 .

312 745 372 810 per
394 747 404 786 ι
426 724 549 810 scripta
580 734 668 808 sunt,
690 733 727 790 ut
748 717 933 808 Βασιλίόης
954 723 1002 802 (O.
1025 725 1050 790 Ι.
1077 729 1177 807 1271),
1202 723 1433 810 Προμαθίδας

313 821 432 899 (Schol.
456 824 499 888 ad
519 825 583 910 Ap.
606 823 666 890 Rh.
688 825 710 906 β
732 821 815 907 815),
833 815 987 911 ’Atridas
1007 823 1118 901 (Anth.
1140 824 1181 907 ΙΙ,
1205 828 1265 902 13).
1308 823 1434 916 Contra

314 923 413 986 etiam
435 922 579 988 dubitari
598 933 735 1010 poterat,
757 947 800 988 an
816 922 1051 1010 andronymiea
1072 932 1108 987 ut
1126 915 1339 1008 Ἀριστείδης,
1354 925 1434 985 Πα-

311 1015 501 1108 τροκλείδης
522 1025 564 1088 ab
579 1015 744 1105 Ἄριστος,
761 1017 959 1104 Πάτροκλος
973 1022 1153 1088 derivanda
1168 1032 1283 1088 essent.
1318 1024 1433 1110 Itaque

312 1144 377 1188 uon
407 1123 526 1188 mirum
548 1134 613 1208 est,
643 1125 730 1212 quod
757 1123 899 1188 maxime
921 1146 940 1186 a
960 1123 1115 1210 Romanis
1142 1123 1377 1209 patronymicis
1400 1143 1434 1184 ει

313 1221 551 1309 diphthongus,
584 1225 635 1288 cui
658 1225 692 1288 in
720 1223 822 1288 latina
842 1221 954 1308 lingua
976 1231 988 1283 2'
1009 1221 1108 1308 longa
1128 1222 1318 1308 respondet,
1348 1219 1433 1286 falso

311 1319 436 1386 tributa
460 1332 519 1405 est,
542 1325 619 1410 quin
642 1326 741 1389 etiam
764 1321 920 1404 Ovidius,
943 1322 997 1406 qui
1018 1323 1160 1388 omnium
1181 1331 1350 1408 poetarum
1368 1321 1434 1386 Ro·

313 1442 482 1486 manorum
503 1425 738 1510 patronymiois
768 1422 963 1488 creberrime
981 1443 1060 1486 usus
1082 1431 1145 1504 est,
1174 1420 1328 1487 nonnulla
1348 1442 1435 1506 quae

314 1541 356 1583 ex
386 1519 459 1585 aliis
489 1531 585 1608 atque
613 1517 693 1587 in'o
721 1522 873 1586 thematis
908 1521 1057 1586 derivata
1091 1530 1166 1586 sunt
1191 1531 1228 1585 ut
1254 1525 1434 1603 Ampeleites,

315 1623 519 1704 Dryantrdrs,
553 1623 715 1688 Coronides
735 1624 777 1702 (ξ.
804 1627 882 1704 16),
911 1621 1088 1686 secundum
1109 1620 1194 1686 hanc
1214 1621 1334 1685 falsam
1354 1643 1433 1684 ana-

312 1717 434 1803 logiam
454 1720 538 1784 fecit.

374 1817 449 1883 Jam
472 1818 513 1883 de
535 1841 646 1884 eorum
669 1821 971 1908 patronymicorum
989 1819 1183 1885 formatione
1203 1819 1433 1885 disserendum

315 1927 379 2000 est,
417 1941 551 2005 quorum
579 1921 809 2006 primitiva,
840 1942 923 1984 cum
952 1920 992 1982 in
1019 1919 1201 1984 vocalem
1229 1919 1434 2001 desinunt,

312 2015 573 2106 tribrachyn,
611 2041 694 2085 cum
732 2021 773 2083 in
811 2028 1112 2101 consonantem,
1149 2019 1434 2106 pyrrhichium

314 2115 519 2192 efficiunt.
565 2119 647 2184 Tres
669 2129 777 2184 autem
800 2121 928 2185 omnino
949 2119 1030 2195 vias,
1044 2128 1081 2182 ut
1101 2139 1258 2205 paeonem
1281 2127 1434 2206 quartum

314 2217 489 2300 evitarent,
519 2227 633 2304 poetas
660 2218 839 2305 dactylicos
867 2219 979 2282 iniisse
1001 2217 1164 2282 videmus:
1193 2228 1250 2284 aut
1275 2218 1435 2304 primitivi

317 2314 550 2402 paenultimam
569 2317 803 2404 produxerunt,
819 2327 876 2384 aut
897 2317 1055 2404 primitivi
1069 2317 1178 2382 thema
1195 2339 1255 2404 per
1276 2338 1344 2400 ιον,
1375 2326 1435 2390 aut

312 2435 374 2500 per
396 2435 451 2498 ηιο
473 2416 722 2502 amplificarunt.

381 2517 410 2595 ξ.
434 2519 483 2582 34.
523 2515 575 2580 Ac
596 2519 737 2603 primam
759 2515 888 2604 quidem
915 2518 1002 2582 viam
1030 2513 1168 2604 semper
1186 2518 1254 2584 fere
1280 2517 1432 2599 inierunt,

315 2635 386 2678 cum
408 2615 443 2677 in
464 2615 623 2700 primitivi
646 2615 921 2704 antepaenultima
943 2638 956 2678 ι
979 2617 1031 2682 vel
1052 2640 1071 2680 v
1094 2626 1159 2700 est,
1193 2639 1273 2704 quas
1296 2615 1429 2682 vocales

289 2704 455 2777 'maxime
481 2735 494 2774 t
527 2717 740 2802 quantitatem
771 2717 901 2781 variare
934 2725 1068 2782 constat.
1119 2716 1212 2782 Haec
1232 2725 1339 2781 autem
1360 2717 1431 2802 ejus

312 2812 513 2876 formationis
537 2817 764 2902 patronymica
786 2825 930 2881 exstant:

373 2905 532 2997 Πρῐαμί
539 2913 583 2978 -δ
589 2937 649 3001 ης,
680 2917 766 3004 quod
788 2917 980 3002 saepissime
1002 2915 1090 3002 apud
1111 2915 1289 2980 Homerum
1311 2913 1433 2998 legitur

313 3011 364 3089 (cf.
386 3005 592 3096 ΙΙρῐαμίδαις
611 3014 729 3081 Aesch.
753 3015 896 3103 Choeph.
918 3021 995 3098 935,
1023 3011 1219 3099 Hotaprorir
1239 3013 1322 3080 Eur.⁴
1348 3013 1430 3078 Hoc.

314 3119 361 3196 13,
384 3111 481 3179 Rhoe.
505 3121 590 3199 167);
609 3108 827 3202 ‘molari-ipe
848 3118 878 3178 B
899 3121 969 3196 705,
997 3117 1032 3176 N
1051 3117 1112 3182 698
1140 3113 1193 3194 (cf.
1221 3111 1432 3176 Φῦλᾶκοῖοσ

312 3218 400 3298 231);
426 3205 622 3300 Φλλυρί-δης
641 3217 665 3295 1)
692 3217 969 3302 metronymicum,
991 3213 1069 3278 Hes.
1095 3212 1204 3298 'theog;
1227 3219 1317 3280 1002.
1337 3213 1431 3299 cujus

313 3313 514 3399 primitivum
550 3308 675 3398 Φῑλύρα
696 3325 761 3398 cst;
795 3308 1001 3400 Τρῑοπί-δαι
1034 3311 1115 3378 Call.
1144 3313 1175 3378 h.
1205 3311 1277 3378 Cer.
1299 3319 1347 3380 32.
1378 3311 1432 3388 (of.

312 3413 341 3492 ἓ.
367 3419 432 3496 12);
455 3409 626 3500 Σῑκελίδης
643 3415 665 3494 ²)
693 3415 829 3480 Theocr.
848 3421 879 3502 Ι7,
903 3419 958 3496 40,
987 3412 1075 3498 quod
1097 3433 1117 3476 a
1137 3409 1274 3487 Σλκελος
1294 3411 1349 3494 (cf.
1370 3409 1429 3476 Α1.
1448 3391 1453 3418 ¹

380 3639 403 3702 1)
422 3631 557 3691 Nonnulli
576 3630 621 3701 (ci.
640 3629 762 3688 Lobech.
779 3631 886 3703 proleg.
906 3649 933 3702 p.
953 3635 1002 3686 204
1021 3633 1084 3686 adn.
1104 3633 1130 3700 9)
1162 3633 1288 3702 Φίλλαρα
1310 3634 1338 3682 et
1361 3632 1431 3682 φιλ-

310 3720 430 3792 λαρλαλης,
454 3719 529 3789 quod
541 3721 605 3772 ante
618 3715 855 3772 Schneidewinum
872 3733 915 3786 ap.
934 3716 1015 3770 Pind.
1033 3716 1115 3786 Pyth.
1130 3719 1154 3784 3,
1170 3718 1181 3768 l
1200 3714 1353 3784 legebatur,
1369 3711 1430 3766 uhi-

311 3818 364 3872 que
390 3803 509 3857 scribere
533 3801 691 3871 voluerunt,
717 3801 791 3871 quod
805 3799 929 3872 ’Φιλύρα
952 3817 984 3853 ex
1004 3798 1143 3872 Φαλιλὺρα
1162 3799 1189 3866 (l)
1216 3797 1262 3851 vel
1286 3795 1430 3868 Φιλολύρα

267 3949 272 3957 ,
311 3887 449 3940 concisum
457 3887 501 3946 sit.
537 3886 591 3941 Sed
603 3885 694 3956 potius
704 3883 814 3959 φιλὺρα
824 3883 924 3938 nomen
941 3884 1084 3956 proprium
1093 3881 1161 3936 nihil
1175 3881 1229 3935 nisi
1246 3881 1333 3934 tiliam
1345 3880 1429 3950 signi·

310 3968 384 4025 ficat.
1098 3989 1100 3995 ’

379 4055 405 4120 2)
424 4053 479 4108 Cfr.
499 4055 633 4108 Choerob.
652 4053 682 4116 in
700 4052 821 4108 Cramcri
838 4050 1043 4119 tuendorun,
1060 4067 1088 4122 p.
1103 4052 1165 4102 256:
1186 4049 1355 4118 ,,Σῐκελίδ“ης
1371 4067 1430 4120 μα-

312 4137 379 4209 κρὸν
401 4138 430 4191 τὸ
451 4139 528 4192 ileu
548 4139 598 4198 τὰς
617 4135 786 4204 ἐπαλλήλους
802 4143 932 4210 βραχείας
951 4134 1048 4208 ὥσπερ
1067 4136 1113 4188 καλ
1133 4134 1164 4186 τὸ
1186 4131 1377 4206 Πρῑαμίδης.“
