3034 4964
568 479 775 574 AL„

108 657 220 725 sedin
241 681 274 724 m
294 654 439 749 πειρήσω
466 671 502 728 ut
524 661 614 728 Stob.
641 672 673 727 et
693 661 861 748 Apostol.).
906 659 1052 741 Quorum
1073 662 1163 747 prior
1187 681 1224 725 eo

106 757 244 826 celerius
272 762 485 849 corrigendus
520 772 585 846 est,
618 782 691 827 cum
712 761 896 826 Mimnermi
924 759 1081 826 videatur.
1126 757 1224 841 Quod

106 857 147 922 ad
170 859 309 926 alterum
329 861 435 926 locum
456 863 586 946 attinet,
603 861 752 927 conferas
774 864 804 944 ξ.
832 865 879 942 18,
903 866 916 925 1
940 859 990 936 Ὀ).

168 957 291 1046 Stirpis
306 961 429 1026 vocalis
452 983 471 1024 o
493 961 667 1027 verborum
683 962 718 1025 in
738 981 778 1040 μι
801 968 833 1024 et
853 979 936 1046 quae
958 958 1000 1023 ad
1017 958 1132 1024 horum
1153 981 1226 1024 nor-

104 1079 192 1124 mam
220 1060 419 1144 formantur,
448 1063 482 1126 in
512 1061 693 1149 praesentis
721 1070 753 1124 et
781 1060 895 1124 coristi
924 1058 1072 1145 primarii
1094 1059 1225 1125 eonion*

105 1159 212 1241 ctivo,
248 1181 321 1224 cum
348 1160 436 1248 apud
464 1159 669 1226 Herodotum
698 1169 729 1224 et
750 1159 987 1246 Hippocratem
1020 1178 1147 1245 quoque
1174 1157 1226 1234 (cf.

104 1257 166 1322 VA
192 1263 244 1326 16:
267 1250 307 1346 ἢν
327 1257 441 1344 διδῷς)
470 1283 542 1325 oum
564 1261 793 1326 terminatione
815 1279 942 1344 semper
972 1259 1225 1323 contractionem

103 1355 195 1423 ineat
222 1368 318 1448 atque
345 1362 444 1425 etiam
466 1355 629 1425 Homerus
652 1359 746 1424 huius
775 1359 824 1424 rei
855 1356 1006 1444 exempla
1029 1355 1224 1444 suppeditet,

104 1465 193 1522 recte
214 1458 401 1524 traduntur:
431 1457 494 1526 Sol.
521 1466 573 1543 13,
595 1464 629 1526 9:
652 1456 748 1533 δώω,
785 1457 931 1543 Theogn.
971 1461 1029 1524 186
1052 1454 1147 1540 διδῷ.
1186 1463 1224 1524 46
1288 1528 1291 1534 ,

104 1554 254 1620 διδῶσιν.
277 1563 338 1626 990
360 1561 435 1644 γνῷ.
456 1594 498 1608 --
523 1563 601 1627 1385
622 1561 712 1645 (mp.)
736 1555 794 1641 δῷ.

170 1657 370 1722 Formarum
388 1658 627 1742 distractarum,
650 1657 689 1723 cf.
706 1650 811 1740 γνώω,
826 1649 916 1738 βείω,
935 1649 1074 1736 δώομεν,
1093 1647 1223 1736 poyeio,
1279 1649 1283 1658 '

104 1750 185 1843 δώῃ,
211 1750 285 1843 strip,
307 1751 430 1846 μιγήῃς
452 1757 564 1846 quales
579 1756 742 1823 Homerus
764 1753 861 1822 valde
883 1754 1059 1838 adamavit,
1081 1764 1117 1819 ut
1138 1753 1227 1842 apud

102 1857 303 1921 recentiores
325 1857 423 1923 Ionas
444 1867 477 1926 et
495 1858 614 1940 Doris,
646 1858 693 1922 sic
716 1858 814 1922 etiam
836 1854 924 1942 apud
946 1854 1005 1920 hos
1026 1864 1140 1941 poetas
1160 1854 1226 1918 fru-

11 1985 12 1992 ¹
105 1965 176 2022 stra
205 1957 348 2044 quaeris
365 1957 525 2046 exempla.
569 1957 671 2045 Hipp.
694 1966 734 2024 tr.
753 1962 795 2037 9,
818 1961 837 2020 2
858 1957 944 2018 enim
962 1953 1101 2018 formam
1124 1955 1227 2037 ῥαηι·
1263 1993 1289 2002 -·

104 2050 207 2142 σδείη
230 2066 317 2122 certe
337 2079 431 2123 nemo
446 2067 581 2146 propter
596 2055 837 2122 antecedentem
860 2048 992 2137 γένηται
1014 2075 1074 2140 pro
1096 2040 1227 2118 coniunss

104 2157 192 2221 ctivo
213 2153 362 2240 habebit,
396 2156 453 2222 sed
483 2158 590 2244 potius
625 2157 710 2224 hanc
740 2175 813 2220 cum
834 2151 1000 2217 Meinekio
1029 2151 1169 2216 mutabit
1191 2154 1226 2216 in

104 2250 247 2338 γένοιτο,
271 2256 299 2320 si
320 2256 456 2320 mutatio
478 2257 512 2322 in
530 2256 589 2321 tali
610 2255 748 2321 frustulo
766 2254 857 2318 licita
879 2255 931 2316 sit.

614 2506 643 2585 5.
669 2511 715 2570 ω.
776 2595 779 2602 Ι

317 2671 377 2737 De
404 2671 693 2756 coniugatione
721 2670 760 2734 in
788 2691 814 2731 ω
843 2667 1017 2734 exeunti.

166 2844 202 2916 ,1)
224 2837 366 2902 Tertiae.
378 2860 471 2924 pers,
490 2837 573 2923 sing.
600 2837 798 2902 coniunctivi
819 2837 919 2900 activi
938 2834 1067 2921 longior
1088 2841 1121 2896 et
1141 2832 1223 2896 anti-

105 2939 203 3024 quior
224 2937 410 3001 terminatio
431 2957 503 3022 ησι,
528 2958 625 3021 quam
644 2935 807 3000 Homerus
829 2958 927 3022 saepe
950 2935 1091 3014 retinuit,
1115 2954 1225 2997 occur·

105 3039 152 3102 rit
172 3036 411 3102 tantummodo:
439 3035 585 3122 Theogn.
615 3041 672 3102 139
695 3026 768 3099 iioo'
799 3030 959 3120 ἐθέλῃσιν
985 3034 1064 3111 (iota
1086 3031 1225 3097 subscri·

106 3145 202 3224 ptum
224 3134 350 3202 addunt
370 3133 449 3218 AO,
479 3134 567 3222 quod
587 3133 751 3220 Bergkius
779 3157 845 3199 non
872 3142 962 3198 recte
987 3131 1127 3217 recepit-3
1150 3151 1226 3198 nam

106 3257 150 3302 ex
182 3231 355 3321 stilae-vs
385 3235 530 3302 nascitur
560 3228 737 3318 ἕδέλ-η-σι
764 3243 860 3322 atque
888 3227 1056 3318 teet-pe,
1092 3224 1227 3318 teet-p)

107 3345 140 3400 et
168 3335 315 3421 Theogn.
343 3341 383 3404 94
412 3327 479 3420 iiior
507 3333 637 3411 (ΑΚΘ).
681 3334 804 3400 Contra
833 3333 979 3420 vulgaris
999 3331 1225 3423 terminatiop

106 3433 243 3519 legitur:
270 3439 326 3502 962
355 3426 443 3520 εἴπῃ.
471 3439 532 3504 285
556 3428 669 3520 ἐθέλῃ.
693 3439 763 3503 363.
786 3441 853 3502 471).
875 3439 945 3502 515.
969 3436 1039 3502 642.
1067 3435 1144 3498 1066
1163 3437 1226 3496 etos

107 3533 202 3620 Tyrt.
225 3538 273 3616 12,
293 3539 351 3616 363
374 3538 422 3616 10,
444 3538 499 3615 283
524 3541 572 3616 11,
597 3537 634 3600 16
656 3541 716 3602 etc.

171 3651 203 3726 2)
223 3648 415 3736 Complures
437 3649 694 3725 terminationes,
722 3649 860 3736 quaein
887 3647 975 3730 aliis,
1006 3645 1149 3710 maxime
1169 3641 1226 3708 At·

107 3749 192 3830 tica,
214 3747 362 3821 dialectis
385 3749 540 3816 contrahi
571 3748 690 3832 solent,
719 3751 752 3812 in
782 3750 876 3834 opica
901 3757 933 3812 et
953 3745 1066 3812 Ionica
1086 3745 1228 3809 intactae

110 3848 321 3914 relincuntur.
350 3886 391 3895 -
416 3849 491 3914 Hoc
522 3851 664 3936 primum
691 3847 780 3913 valet
809 3849 843 3912 in
873 3844 1227 3933 plusquamperfectum

110 3949 218 4014 activi.
261 3947 401 4014 Unicum
423 3947 608 4034 exemplum
631 3955 679 4011 est
700 3947 844 4031 Theogn.
868 3951 943 4013 853:
965 3935 1046 4031 ᾔδεα
1068 3943 1228 4022 (Oomme

109 4047 195 4116 linus
202 4095 211 4130 ,
234 4047 311 4114 libri
342 4041 446 4133 ἡδέα).
490 4047 614 4114 Contra
646 4045 791 4132 vulgaris
821 4046 928 4112 forma
959 4052 1099 4132 apparet
1128 4042 1226 4108 Arch.

111 4169 160 4234 ep.
180 4153 231 4232 94,
254 4154 272 4215 3
294 4149 328 4212 in
347 4140 539 4236 ἠρήρεισθα.
580 4146 735 4210 Attamen
763 4167 961 4234 magnopere
990 4151 1152 4231 suspecta¹
1169 4150 1228 4210 aar.
