3070 4962
531 470 737 563 ..ji-

80 647 190 714 vcrba:
218 639 292 710 dtl'
317 633 337 734 ᾖ
358 640 479 729 γένοιτ’
505 669 546 710 αν
558 641 789 730 lacrumans,
817 643 945 736 φράσω,
959 649 993 713 in
1009 647 1190 714 adverbiali

80 746 131 812 illa
158 747 262 814 forma
292 742 512 828 ἐνδικωτέρως
541 747 706 814 offendens
743 741 958 832 ἐνδικώτερον
991 771 1056 815 non
1088 749 1191 816 solum

81 847 325 935 praeferendum
345 848 474 934 putavit
496 845 555 912 sed
573 847 667 911 etiam
684 847 718 910 in
729 855 853 914 textum
867 849 1004 933 recepit:
1026 849 1192 914 rarissime

81 947 160 1012 enim
182 947 272 1036 apud
283 947 410 1012 Atticos
433 955 545 1034 poetas
569 945 798 1012 adverbiorum
814 949 1054 1034 comparativus
1075 951 1109 1014 in
1131 971 1193 1024 -ως

80 1047 252 1114 terminari.
294 1046 359 1111 Sed
379 1069 444 1111 non
466 1047 512 1112 ita
535 1044 633 1110 multo
656 1055 731 1132 post
754 1046 873 1111 accidit
893 1057 928 1112 ut
951 1047 1045 1114 aliter
1067 1071 1135 1113 rem
1157 1071 1191 1112 se

81 1145 248 1212 habentem
268 1155 485 1233 cognosceret.
528 1146 684 1233 Namque,
707 1157 743 1210 ut
764 1147 834 1232 ipse
856 1145 949 1230 dicit,
978 1147 1073 1234 plura
1096 1169 1191 1235 quam
1278 1159 1283 1163 '

82 1256 205 1330 putarat
241 1245 337 1332 hujus
372 1246 495 1312 formae
530 1245 618 1332 apud
650 1244 776 1312 Atticos
806 1247 981 1333 scriptores
1013 1249 1191 1312 invenerat.

81 1347 186 1432 ltaque
210 1345 321 1410 statim
342 1347 375 1410 in
397 1346 447 1428 iis,
471 1367 553 1434 quae
573 1343 656 1410 libro
679 1367 736 1409 suo
758 1353 835 1408 tunc
858 1346 1033 1410 emittendo
1055 1345 1192 1429 addidit,

81 1439 290 1528 ἐνδικώτερον
323 1469 383 1532 pro
424 1439 644 1525 ἒνδικωνέρως
669 1445 758 1532 justo
794 1444 931 1511 celerius
967 1467 1002 1510 se
1031 1447 1193 1533 recepisse

81 1553 185 1630 aperte
221 1543 425 1611 confitentem
463 1543 624 1610 hominem
666 1537 902 1624 κριτικώτανον
934 1546 1092 1612 audimus.
1139 1545 1193 1611 Ex

83 1645 188 1730 paucis
212 1643 278 1709 illis
300 1642 468 1730 exemplis,
491 1633 609 1732 quibus
641 1653 819 1709 commotus
845 1651 909 1726 est,
939 1655 975 1710 ut
1004 1668 1095 1710 suam
1123 1645 1193 1732 ipse

84 1739 268 1810 sententiam
288 1743 372 1810 ultro
395 1751 598 1825 retractaret,
622 1765 679 1820 sear
700 1753 865 1830 septemve
886 1743 1031 1810 indicata
1054 1754 1127 1810 sunt
1150 1745 1192 1809 ab

83 1841 251 1925 „Atticista
265 1841 471 1929 Anonymo“‚
493 1843 620 1930 reliqua
639 1864 756 1907 novem
770 1852 899 1930 sumpta
915 1865 935 1908 a
952 1843 1146 1932 Thucydide
1162 1855 1194 1908 et

83 1941 286 2029 Antiphonte‚
309 1965 405 2032 quem
428 1941 632 2028 Thucydidis
653 1943 847 2028 magistrum
868 1944 970 2008 fuisse
992 1943 1137 2008 nonnulli
1153 1980 1192 2004 η-

85 2040 185 2108 inhis
217 2042 314 2106 etiam
341 2041 516 2128 Elmslejus
537 2077 578 2088 -
599 2043 833 2129 opinantur²³).
877 2041 940 2106 His
971 2043 1000 2106 si
1028 2039 1194 2106 addideris

86 2162 159 2226 quae
186 2165 208 2206 a
237 2140 462 2207 Schoemanno
491 2141 535 2206 ad
561 2141 690 2209 Isaeum
718 2139 758 2204 de
784 2140 891 2227 Hagn.
922 2139 1030 2206 hered.
1059 2145 1087 2224 ξ.
1118 2145 1191 2228 ap.

87 2244 138 2304 159
159 2237 297 2306 collecta
318 2251 444 2330 atquae
463 2265 482 2306 a
499 2244 783 2330 grammaticorum
797 2237 999 2326 principibus
1017 2238 1195 2304 Matthiaeo

90 2337 126 2403 ²l.
148 2361 177 2426 p.
200 2346 271 2407 507.
295 2344 324 2424 ξ.
346 2346 414 2420 262,
437 2341 633 2407 Buttmanno
657 2340 717 2406 1ΙΙ.
741 2363 771 2426 p.
785 2345 844 2406 345
868 2361 915 2428 sq.
931 2343 960 2422 ἓ.
979 2337 1075 2420 1151),
1090 2337 1193 2403 Krue-

90 2458 157 2522 gero
176 2437 201 2504 I.
226 2461 257 2526 p.
281 2446 331 2506 75.
353 2443 381 2524 ξ.
404 2446 460 2522 23,
490 2448 508 2510 8
537 2439 743 2527 hospitaliter
770 2448 910 2526 excepta
932 2447 964 2503 et
984 2439 1115 2504 civitate
1138 2437 1193 2504 dc·
1228 2517 1231 2524 Ι

89 2547 155 2602 nata
176 2548 260 2614 sunt,
284 2541 362 2604 satis
385 2563 578 2627 persuasum
598 2540 659 2604 tibi
681 2540 743 2604 erit
762 2561 828 2603 non
848 2540 914 2626 jam
937 2561 1024 2620 esse,
1048 2537 1134 2626 quod
1155 2538 1195 2602 de

90 2639 293 2724 comparativi
322 2639 515 2706 formatione
536 2639 570 2706 in
592 2661 656 2714 -ως
682 2637 856 2703 dubitetur.
899 2638 1012 2725 Neque
1045 2659 1105 2722 ego
1137 2637 1194 2703 dn·

90 2732 163 2812 hito;
184 2735 251 2820 sed,
274 2748 310 2803 ut
330 2739 470 2825 ingenue
490 2740 605 2822 fatear,
628 2737 852 2825 exemplorum
863 2739 926 2801 ista
945 2739 1108 2823 paucitate
1129 2759 1194 2803 non

91 2843 247 2902 contentus
268 2839 518 2904 racemationem
540 2838 704 2928 quandam
727 2839 896 2902 instituere
917 2839 1196 2924 operaepretium

91 2954 151 3000 esse
163 2933 323 3002 ducebam
344 2960 381 3002 eo
402 2939 518 3024 magis,
543 2937 631 3026 quod
652 2945 773 3002 certam
789 2936 929 3021 aliquam
952 2937 1057 3022 legem
1080 2959 1100 3001 a
1117 2939 1193 3002 scri-

92 3033 226 3117 ptoribus
239 3035 447 3102 observatam
458 3037 650 3123 investigari
663 3059 760 3124 posse
773 3033 967 3101 arbitrabar.
1013 3035 1077 3100 Sed
1092 3035 1196 3101 lucem

92 3137 228 3218 quamvis
258 3134 370 3202 sedulo
401 3160 440 3201 ac
462 3146 592 3203 strenue
621 3137 802 3226 quaesitam
833 3156 898 3198 non
934 3137 1073 3221 repperi.
1116 3136 1195 3200 For·
1248 3213 1253 3224 1

91 3233 177 3298 tassia
202 3233 342 3300 doctiori
369 3235 466 3301 alicui
492 3260 543 3302 me
571 3247 602 3302 et
629 3236 792 3322 sagaciori
822 3234 1002 3319 continget,
1033 3233 1194 3320 siquidem

93 3340 186 3414 potest
203 3335 400 3420 contingere,
421 3345 456 3399 ut
467 3335 549 3401 alter
564 3337 698 3424 quidam
715 3332 892 3402 Columbus
907 3334 1035 3400 existat.
1075 3332 1196 3416 Quam·

92 3450 176 3513 quam
198 3457 263 3498 non
284 3433 360 3498 licet
380 3435 608 3520 ingemiscere:
630 3457 716 3500 nunc
735 3436 821 3499 enim
833 3430 985 3518 intellego
1010 3432 1051 3497 ab
1067 3435 1196 3519 optimis

93 3532 294 3618 scriptoribus
317 3535 350 3597 in
373 3531 488 3598 iisdem
510 3535 676 3600 adverbiis
706 3536 848 3620 priorem
873 3533 1033 3597 rationem
1064 3553 1195 3618 compa·

92 3630 219 3696 rativam
240 3631 323 3698 adeo
347 3654 445 3720 saepe
467 3635 622 3700 anteferri
645 3635 749 3716 alteri,
771 3642 816 3715 ut,
840 3635 895 3720 qui
910 3632 994 3696 hane
1005 3630 1113 3696 ubivis
1135 3653 1195 3719 pro

93 3723 141 3792 illa
159 3733 311 3818 usurpari
332 3755 429 3819 posse
450 3743 552 3820 putet,
574 3733 676 3822 probe
699 3733 865 3798 erraverit.

163 3829 214 3896 En
234 3831 386 3920 exempla
408 3833 642 3921 adjectivorum
664 3831 837 3920 generibus
860 3831 1036 3918 disposita:

96 3981 287 3995 ——-—-———-

96 4145 122 4198 at
137 4065 233 4128 23)·01.
252 4065 364 4138 Kriiger
381 4065 634 4138 Untersuchungen
653 4066 723 4121 iiber
739 4065 789 4120 das
806 4065 889 4119 leben
908 4063 955 4119 des
974 4061 1152 4136 Thucydides
1170 4085 1197 4138 p.

137 4163 192 4219 ⁸(l‘l-
711 4190 713 4194 ·
778 4167 782 4174 '
