3148 4958
658 455 697 523 43

672 545 678 549 .
698 543 789 551 -——-.‹

124 636 198 702 bant
218 636 393 718 notionem,
415 633 451 700 u't
472 631 680 714 vessera-ag
708 643 924 720 Varistttarja
945 635 1047 703 filium
1069 639 1238 726 signifieat.

122 736 329 801 Femininum
349 745 456 800 autem
477 759 580 822 genus
602 761 722 822 eorum,
745 737 858 826 quodi
875 737 981 804 vooali
996 737 1144 804 denotari
1160 738 1240 805 solet

123 843 156 899 ut
177 841 361 916 Drdapadt
377 833 606 926 (Drupedasj'a
621 837 711 920 filia),
734 840 860 924 graeei·
875 839 987 903 formis
1009 839 1043 903 in
1061 835 1096 901 ιδ
1107 861 1238 925 respou-

123 933 184 1016 det,
208 957 294 1024 quae
314 944 481 1000 accentum
504 938 544 1030 ,in
567 937 680 1003 eadem
711 946 807 1026 atque
831 939 1011 1004 sanseritee
1033 936 1161 1023 syllaba
1184 959 1239 1024 po-

121 1045 209 1100 nunt.
252 1035 434 1101 Masoulina
447 1045 555 1102 eutem
567 1040 636 1125 ejus
648 1037 849 1103 formationis
864 1038 1122 1124 patronymioae
1138 1035 1239 1104 Grae·

122 1136 166 1199 eis
189 1157 256 1199 non
279 1147 409 1202 servata
430 1159 500 1202 esse
522 1159 587 1202 non
607 1139 724 1204 mirum
746 1148 811 1221 est3
837 1159 919 1223 quae
940 1140 968 1202 ri
990 1159 1011 1203 a
1033 1137 1185 1202 thematis
1207 1137 1240 1204 in

122 1256 139 1296 o
167 1234 374 1319 ducerentur,
408 1259 428 1302 a
459 1238 635 1323 primitivis
671 1235 759 1303 nulla
781 1228 823 1302 're
851 1237 915 1302 nisi
945 1245 1079 1303 aooentu
1109 1235 1240 1302 diversa

122 1344 247 1418 essent3
278 1333 313 1400 id
341 1336 426 1400 enim
453 1336 614 1402 vocalium
650 1347 874 1423 augmentum,
908 1336 996 1426 quod
1025 1336 1098 1402 Indi
1119 1340 1242 1401 vriddtr'

123 1433 242 1516 dieunt,
267 1433 386 1499 Graeoi
408 1434 451 1500 ad
473 1436 706 1511 vocabulorum
736 1437 992 1502 derivativorum
1014 1437 1240 1504 formationem

122 1557 184 1598 non
206 1533 433 1600 adhibuerunt.
478 1534 555 1602 Alia
584 1559 662 1602 vero
684 1536 846 1602 voeabula
873 1561 892 1600 a
915 1537 1024 1603 suffixi
1045 1559 1106 1626 ope
1129 1557 1241 1602 seeun-

123 1633 196 1698 dum
219 1634 318 1698 istam
339 1635 497 1700 rationem
517 1634 656 1700 formata
679 1645 752 1700 sunt
773 1645 808 1701 ut
833 1628 979 1712 ἀπ’-ὂς
1000 1636 1041 1701 ab
1069 1627 1149 1698 doto
1172 1635 1240 1702 the·

122 1742 215 1817 mate,
239 1741 338 1822 atque
357 1735 503 1799 maxime
526 1736 708 1823 composita
735 1745 876 1803 retracto
898 1737 1030 1824 quidem
1052 1745 1187 1808 accentu
1205 1745 1241 1802 ut

122 1835 278 1896 κυνῶπ-οι
295 1831 419 1918 (Aroe)
434 1835 507 1900 fem.
524 1827 717 1920 κυνῶπ-ι-ς,
729 1828 1032 1923 βαρβαρόφων’-οι,
1052 1829 1242 1919 διχόμην-ος

122 1933 192 1998 fem.
211 1926 403 2019 διχόμην-ις
417 1934 469 2013 (of.
479 1933 665 2000 Sohleieher
681 1935 794 2022 Oomp.
811 1940 919 2019 §.vla
935 1959 965 2024 p.
982 1941 1064 2013 383).
1074 1973 1116 1984 -
1129 1936 1242 2028 Neque

122 2033 287 2098 offendere
308 2043 415 2118 potest
446 2032 465 2097 d
485 2033 608 2117 littera,
638 2057 721 2123 quae
743 2057 756 2098 ι
777 2037 996 2100 terminationi
1018 2035 1091 2100 fem.
1114 2024 1186 2120 gen}
1207 2035 1242 2100 in

122 2155 240 2218 graeca
269 2131 382 2218 lingua
410 2133 538 2221 adjecta
569 2144 633 2199 est:
666 2135 876 2222 parasitioam
907 2129 993 2200 enim
1014 2157 1086 2200 esse
1111 2134 1243 2202 Curtius

118 2234 188 2319 jure
214 2255 274 2298 suo
306 2232 469 2298 contendit
491 2233 544 2307 (de
570 2257 655 2300 nom.
686 2234 778 2299 form.
798 2257 829 2321 p.
854 2239 900 2313 6),
924 2244 954 2299 et
983 2233 1144 2321 quomodo
1167 2255 1208 2299 ex
1230 2239 1243 2296 i

123 2333 188 2398 sive
211 2341 233 2414 j
262 2331 371 2396 littera
398 2332 530 2419 prodire
557 2342 668 2421 posset
697 2333 933 2400 demonstravit
962 2333 1120 2406 (Gerunda.
1141 2332 1170 2400 d.
1191 2355 1240 2418 gr.

123 2431 308 2518 Etymolog.
331 2453 361 2519 p.
385 2438 466 2510 559).

202 2535 232 2613 ἓ.
257 2537 306 2598 45.
349 2531 426 2597 Jem
448 2531 488 2597 de
510 2532 634 2616 formis,
656 2555 739 2621 quae
768 2535 802 2600 in
826 2531 885 2596 rad
906 2533 1067 2615 desinunt,
1090 2542 1126 2598 ut
1151 2534 1241 2596 Θαυ-

122 2623 282 2712 μαιτ-ιάς
303 2631 464 2715 agendum
487 2641 544 2696 est.
584 2633 623 2697 In
646 2634 762 2722 quibus
786 2655 821 2696 ια
843 2634 988 2720 priorem
1005 2633 1241 2698 terminationis

124 2741 248 2818 partem
271 2729 351 2795 nihil
376 2730 466 2796 aliud
495 2753 580 2814 esse,
609 2733 673 2798 nisi
701 2733 789 2821 quod
818 2735 916 2798 etiam
945 2739 979 2796 in
1007 2729 1242 2819 patron'ymieis

123 2853 219 2896 maso.
240 2851 313 2915 gen.
334 2833 368 2894 in
391 2828 506 2916 ια-δης
526 2841 558 2896 et
578 2832 751 2918 gentilioiis
780 2833 814 2897 in
833 2826 946 2907 ια-κός
968 2833 1119 2904 suffixum
1149 2834 1243 2921 quasi

124 2930 282 2995 auxiliare
303 2917 495 3013 invenimus,
519 2941 673 3018 apparet3
693 2929 714 2994 d
733 2955 826 3015 vero,
850 2932 935 3021 quod
955 2934 989 2997 in
1012 2932 1141 2998 oasibus
1163 2931 1242 3000 obli·

124 3031 194 3117 quis
217 3026 516 3110 (Θαυμαντ-ιάδος)
540 3041 725 3118 comparet,
754 3034 930 3120 parasitico
958 3033 1053 3098 modo
1076 3055 1117 3097 ex
1134 3042 1155 3114 j
1176 3035 1242 3120 spi·

124 3132 208 3195 ronti
220 3135 334 3211 (iujos,
358 3128 478 3212 rodjog,
496 3127 604 3212 sodor)
626 3131 758 3218 prodiit,
782 3153 877 3219 quam
889 3133 973 3196 inter
992 3131 1121 3198 vooales
1135 3153 1147 3193 ι
1162 3131 1243 3214 loeo,

124 3231 210 3318 quod
230 3229 424 3296 femininum
445 3253 548 3314 genus
571 3230 711 3314 denotet,
734 3234 891 3297 exsistere
914 3240 1048 3296 oonstat.
1092 3229 1164 3296 Hoe
1184 3230 1244 3315 igi-

124 3342 174 3395 tur
194 3331 372 3396 discrimen
394 3339 442 3393 est
463 3331 548 3394 inter
570 3331 690 3396 formas
712 3333 747 3396 in
770 3328 805 3394 sd
826 3339 858 3395 et
881 3327 954 3410 rod,
978 3329 1065 3420 quod
1087 3332 1121 3394 in
1142 3329 1208 3395 illis
1231 3351 1244 3392 ι

126 3431 295 3518 proprium
317 3430 391 3494 fem.
416 3451 488 3514 gen.
513 3431 651 3517 signum,
673 3440 803 3518 praeter
819 3427 1065 3518 dparasitioum
1080 3439 1242 3496 servatum

126 3540 186 3608 est,
216 3533 251 3596 in
271 3530 323 3595 his
347 3527 366 3591 d
388 3528 493 3593 solum
515 3531 608 3616 quasi
631 3553 817 3617 supremum
838 3531 985 3596 feminini
1010 3531 1139 3618 generis
1160 3530 1245 3596 indi-

126 3631 209 3695 oium
228 3630 397 3695 remansit.
416 3663 459 3676 ·-·
479 3627 649 3694 Neminem
661 3651 739 3694 vero
754 3630 903 3712 offendet,
926 3629 1021 3718 quod,
1045 3653 1118 3695 oum
1132 3629 1245 3697 ultima

127 3730 236 3796 suffixi
255 3729 379 3796 vocalis
402 3736 477 3795 ante
500 3752 512 3791 t
533 3729 723 3794 femininum
745 3731 819 3817 ejioi
840 3731 951 3812 soleat,
974 3739 1010 3796 ut
1024 3733 1057 3795 in
1077 3728 1245 3812 σύμμαχος

126 3822 323 3912 senooz-lg,
357 3820 758 3914 Hroeoirog=llroeoiv'-rg‚
788 3840 897 3896 tamen
926 3833 961 3894 in
988 3830 1038 3895 his
1068 3831 1102 3894 in
1133 3828 1192 3893 rod
1213 3853 1244 3914 a,

127 3951 208 4016 quse
231 3939 281 3995 est
294 3939 335 4011 ja
356 3935 418 4008 (ια)
441 3929 551 3995 suffixi
565 3929 680 3994 ultime
698 3929 830 4013 vocalis,
853 3939 983 3995 servata
1005 3939 1061 3996 est.
1105 3929 1140 3995 si
1160 3931 1245 3994 enim

126 4031 159 4092 in
180 4029 232 4094 his
253 4051 378 4116 quoque
400 4051 422 4091 α
444 4037 519 4094 ante
541 4053 552 4092 t
573 4029 760 4094 femininum
782 4031 920 4116 ejeotum
948 4039 1048 4112 esset,
1077 4029 1140 4094 duo
1164 4053 1176 4092 ι
1198 4031 1245 4093 in-

127 4139 176 4194 ter
216 4151 251 4194 se
284 4130 495 4218 exeepissent.
538 4129 713 4197 Praeterea
739 4129 829 4197 Indis
869 4153 889 4192 α
918 4139 992 4196 ente
1021 4135 1032 4192 i
1066 4129 1139 4197 fem.
1172 4151 1246 4216 gen.
