3008 4968
577 457 634 520 193

56 644 156 700 temen
174 636 370 700 recentiores
399 634 495 700 Iones
516 642 568 715 (ne
594 657 726 700 neeesse
747 633 877 722 quidem
899 641 948 699 est
969 637 1164 702 1111111110-

57 755 123 823 nen]
143 735 176 797 in
197 733 259 798 heo
279 755 358 800 vooe
380 738 542 810 statuere).
586 733 651 800 Sol.
673 739 702 816 9,
724 741 756 799 5:
779 727 895 818 ῥᾴδιον
918 727 1074 816 ἐξάρανί.
1117 741 1163 816 13,

56 839 86 897 21
112 826 240 919 δῃώσας
260 839 329 916 (11,
360 825 572 919 3ηὐξήσατε.
616 833 763 920 Theogn.
791 839 851 900 362
881 824 1033 910 αὔξεται).
1077 833 1164 898 Non·

56 954 210 1018 nunquam
232 934 331 997 etiem
352 955 393 997 ex
411 933 520 1019 petris
539 931 676 996 dialecto
693 931 929 1014 1111111111,1(1
945 932 1032 1018 quod
1048 933 1165 998 dooent

56 1032 187 1096 maxime
209 1031 291 1098 haee
312 1029 482 1118 exempla:
514 1029 578 1096 Sol.
604 1039 615 1096 1
628 1080 637 1113 ,
658 1037 677 1096 2
707 1022 787 1116 ᾠδή,
820 1031 907 1118 quod
935 1032 1032 1096 etiem
1054 1031 1163 1118 hymn.

56 1127 143 1194 Hom.
164 1135 200 1211 4,
231 1137 291 1198 494
322 1143 470 1217 apparet.
517 1121 776 1212 13,19ἠρινός.
821 1129 966 1216 Thsogn.
996 1137 1056 1199 584
1078 1123 1164 1214 ἀργά

57 1230 152 1305 (coni.)
181 1235 241 1298 243
273 1220 421 1314 donetur.
464 1231 504 1296 of.
534 1229 644 1315 hymn.
666 1229 763 1295 Hom.
787 1235 815 1310 6,
838 1235 857 1294 2
880 1219 1014 1312 ᾄσομαι.
1039 1267 1079 1276 -
1102 1233 1161 1296 779
1188 1283 1190 1290 .

56 1321 198 1390 παιάνων
217 1347 254 1390 τε
273 1328 394 1409 χοροῖς.
437 1333 477 1393 22
505 1323 691 1410 detrudor.
737 1327 886 1408 Quocum
913 1349 995 1392 vooe
1021 1327 1162 1394 conferri

56 1435 169 1490 tentum
190 1435 313 1514 potest,
342 1426 429 1514 quod
448 1428 483 1490 in
505 1427 706 1514 Bosporanis
729 1432 871 1493 utu-9
892 1425 1011 1512 legitur
1036 1424 1163 1490 (deudo-

56 1518 117 1608 σίης
137 1535 267 1612 praeter
292 1518 475 1611 Θεοδοσίης
495 1537 526 1590 11
547 1526 581 1589 in
602 1524 695 1590 titulo
717 1526 864 1604 (Dorioo)
885 1525 1049 1591 Messenio
1076 1527 1161 1590 eet·

58 1643 133 1704 γνις,·
156 1624 214 1689 sed
234 1633 343 1690 temen
366 1648 438 1690 oum
459 1625 545 1690 tituli
566 1623 615 1690 illi
636 1647 702 1690 non
725 1647 785 1711 pro
807 1647 889 1710 puro
911 1623 999 1690 fonte
1020 1623 1161 1690 habendi

58 1725 127 1806 sint,
147 1745 253 1811 neque
281 1724 362 1788 haee
383 1723 595 1790 contrahendi
617 1726 700 1789 ratio
723 1723 812 1810 upud
834 1723 1012 1788 Dorienses
1034 1725 1090 1810 qui
1111 1725 1161 1788 Ia·

58 1819 115 1904 dis,
140 1825 327 1910 ceteroquin
356 1825 614 1906 recentissimae,
646 1825 797 1909 contagio
828 1822 999 1909 patebant,
1028 1825 1092 1887 nisi
1112 1846 1162 1888 re·

59 1923 132 1985 uenti
152 1931 300 2010 tempore
321 1924 466 2008 viguisse
487 1923 647 2005 videatur,
663 1923 704 2000 ²⁷)
726 1921 838 1986 dubito
861 1944 903 1985 11
923 1923 1100 1986 contractio
1112 1923 1162 1986 ti-

58 2019 229 2088 brariorum
251 2020 366 2108 eulpae
386 2022 561 2087 tribuendo.
584 2024 634 2104 sit,
658 2023 713 2108 qui
734 2019 934 2085 offenderent
962 2022 996 2084 in
1018 2023 1160 2107 synizesi

58 2119 168 2186 formae
192 2113 378 2203 Θεόγνιδος.
420 2121 557 2188 Aeoedit
578 2121 666 2208 quod
687 2117 871 2206 Xenophon
899 2121 946 2184 sie
964 2119 1058 2184 offert
1080 2120 1161 2184 heeo

58 2219 146 2285 verbu
166 2219 257 2308 epod
279 2219 468 2286 Stobeeum:
495 2214 674 2302 Θεόγνιδος
695 2214 782 2282 ἐστὶν
805 2212 868 2304 ἔπη
890 2221 950 2280 τοῦ
968 2214 1159 2300 Μεγαρέως.

111 2323 139 2399 3)
160 2321 214 2386 De
235 2320 349 2386 formis
372 2318 503 2403 solutis,
533 2342 616 2407 ques
644 2320 678 2384 in
698 2319 792 2384 verbi
813 2328 845 2384 61
873 2320 1011 2385 nominis
1033 2318 1161 2384 flexura

60 2421 298 2506 conspiciuntur,
319 2422 349 2501 ξ.
376 2427 409 2485 11
435 2441 504 2506 sqq.
526 2418 629 2484 verbe
648 2419 814 2483 faciemus.

108 2518 201 2584 Nune
228 2520 309 2584 setis
334 2517 440 2584 habeo
466 2519 608 2604 primum
636 2516 815 2603 depotitio,
843 2539 884 2581 ex
905 2515 971 2581 eliu
993 2525 1090 2603 etque
1110 2519 1160 2582 Io·

60 2616 121 2682 nice
139 2619 271 2683 notione
293 2619 382 2700 ortis,
404 2637 511 2703 pouee
532 2616 684 2703 praefari.

107 2715 342 2782 Difficillimum
370 2725 420 2781 est
450 2715 490 2780 de
521 2717 757 2796 oontreotione,
786 2716 926 2779 maxime
957 2714 998 2780 de
1030 2716 1160 2803 vulgari

60 2815 219 2882 verborum
238 2817 274 2881 in
289 2836 332 2878 oro
352 2825 384 2880 et
404 2813 504 2880 medii
524 2814 787 2880 terminationem
809 2835 860 2875 εαι
883 2813 936 2892 (de
958 2835 993 2876 11
1010 2838 1040 2902 p.
1060 2823 1161 2882 179-

62 2921 107 2982 183
127 2916 292 2998 diximus),
307 2913 396 3002 opud
411 2911 645 3000 Theognidem,
662 2935 744 2998 quoe
760 2935 824 2977 non
839 2913 988 2997 congruit
1004 2936 1074 2978 oum
1090 2915 1158 2981 Ho-

60 3017 164 3080 norioe
193 3016 330 3096 ratione,
364 3022 485 3077 eertum
515 3010 671 3076 iudicium
700 3013 817 3077 fooere.
871 3009 1041 3076 Dieleetus
1072 3016 1156 3078 enim

59 3108 210 3200 Megarios
232 3111 338 3201 qualis
366 3111 487 3176 tradite
514 3119 578 3192 est,
607 3110 797 3198 plerumque
819 3113 1071 3175 contractionem
1090 3112 1157 3177 vul-

60 3230 155 3292 garem
176 3213 347 3290 (Atticam)
368 3210 462 3276 nobis
485 3209 633 3275 ostendit.
675 3210 789 3297 Itaque
810 3233 875 3274 non
889 3209 1047 3274 absonum
1069 3210 1159 3276 vide-

60 3319 101 3372 tur
118 3311 339 3397 Theognidem
365 3319 496 3397 praeter
517 3308 727 3374 Homericum
745 3310 903 3374 rationem
924 3330 1156 3396 nonnunquam

61 3405 167 3475 Dorico
186 3433 281 3476 usum
304 3431 383 3475 osse.
423 3407 468 3472 At
494 3430 559 3472 non
580 3406 816 3493 neglegendum
839 3416 887 3472 est
909 3429 1019 3471 omnes
1041 3409 1154 3471 inseri·

62 3507 169 3589 ptioues
198 3509 337 3574 mitioris
368 3529 470 3594 seque
502 3529 540 3570 ue
575 3507 748 3570 severioris
774 3505 911 3572 Doridis
944 3505 987 3570 ad
1017 3506 1180 3570 medium¹

62 3607 266 3674 tantummodo
289 3608 387 3672 totius
410 3606 541 3672 dialecti
562 3613 701 3669 oetatem
725 3607 898 3691 pertinere,
919 3627 1015 3692 quum
1032 3605 1157 3672 Ahren·

63 3703 116 3768 sius
134 3708 167 3770 in
187 3709 299 3794 quinto
323 3715 354 3770 et
374 3715 489 3793 quarto
512 3703 641 3769 soeculo
664 3705 787 3790 posuit,
806 3705 848 3782 28)
868 3703 989 3770 nullam
1011 3703 1054 3768 ad
1078 3707 1160 3769 anti·

63 3821 142 3885 quem
156 3804 324 3871 Doridem.
368 3803 495 3885 Quodsi
516 3826 558 3868 no
572 3801 681 3867 medis
703 3791 835 3888 quidem
856 3813 962 3868 aetate
980 3803 1166 3868 oontreotio'

63 3897 163 3990 ubique
184 3903 331 3968 adhibita
358 3911 423 3986 est,
455 3902 576 3968 1611-
597 3911 632 3967 ut
652 3911 778 3968 taceam
801 3902 841 3968 de
863 3901 1006 3967 Graecis
1028 3911 1160 3990 septen-

63 4031 249 4048 *·——·——

117 4117 155 4184 nr)
173 4115 239 4174 Aur.
257 4117 294 4187 11,
312 4124 336 4186 s.
354 4121 395 4187 re,
414 4123 437 4173 3.
474 4121 517 4188 11)
535 4117 570 4187 11,
589 4135 616 4189 p.
636 4122 694 4173 ooo.

679 4223 689 4238 -
919 4205 950 4255 13
1071 4215 1074 4224 ·
1167 4223 1170 4232 =
