3056 4968
306 581 372 648 ind.
401 603 536 668 gramm.
560 577 603 644 ad
624 578 719 666 proll.
746 581 780 644 in
801 577 925 663 Vergil.
953 599 1029 666 pag.
1052 581 1113 644 424
1136 596 1199 664 sq.,
1231 575 1318 640 unde
1337 575 1418 640 haec
1507 575 1508 660 ,

307 681 512 768 deprompsi:
1206 709 1209 714 Δ
1507 663 1508 682 ’

369 779 560 860 Anthli]ocis
581 809 622 831 =
642 777 821 860 Antiochia,
844 775 1014 844 Calithuce
1035 805 1077 828 =
1098 773 1297 860 Callityche,
1318 773 1417 840 Char·

307 891 384 966 tago
394 909 435 932 ==
450 877 627 963 Carthago,
643 877 783 944 Obiteris
794 905 836 932 =
848 875 999 957 Citheris,
1018 875 1183 940 teathrum
1194 903 1237 926 =
1249 873 1419 950 theatrum,

309 978 522 1046 Traechia=
539 977 709 1053 Thraecia,
724 976 952 1064 Bercchyntia,
973 975 1192 1056 Calchidicus,
1212 972 1419 1060 Carphatius,

310 1077 450 1159 chitara,
474 1076 657 1164 Chyteron,
681 1077 894 1164 Thypoea³⁰)
917 1087 977 1142 etc.
1025 1075 1118 1140 Haec
1139 1073 1249 1140 omnia
1271 1071 1420 1159 exempla

310 1178 481 1266 quominus
509 1199 569 1264 pro
597 1177 696 1242 meris
720 1175 939 1264 lapicidarum
967 1185 999 1240 et
1023 1173 1233 1240 librariorum
1255 1171 1419 1238 erroribus

309 1275 498 1358 habeamus,
520 1276 658 1364 impedit
681 1299 792 1342 eorum
815 1287 847 1340 et
868 1277 953 1340 ratio
976 1283 1008 1340 ct
1023 1271 1202 1338 multitudo.
1235 1270 1321 1336 Cum
1340 1271 1421 1335 enim
1507 1305 1508 1348 3

310 1376 375 1439 iam
397 1399 498 1463 supra
520 1364 650 1441 abunde
672 1376 927 1441 demonstratum
958 1377 1000 1439 sit
1022 1397 1078 1439 eos
1097 1373 1272 1454 Romanos,
1297 1371 1354 1458 qui
1374 1393 1420 1434 ar-
1507 1367 1508 1454 J

310 1484 375 1538 tem
397 1477 646 1558 grammaticam
672 1499 739 1540 non
766 1475 853 1541 docti
875 1469 983 1541 essent
1012 1473 1069 1539 ssd
1099 1495 1141 1538 ex
1160 1471 1273 1558 lingua
1295 1469 1422 1536 Graeca
1507 1491 1508 1520 ¹

311 1573 440 1658 vulgari
461 1575 638 1656 haurirent,
661 1576 853 1662 saepissime
867 1575 1031 1660 aspiratae
1054 1581 1213 1638 attenues
1230 1569 1421 1652 confudisse,

310 1695 375 1738 non
397 1674 515 1738 mirum
534 1683 600 1750 est,
629 1673 715 1762 quod
737 1676 832 1739 iniis
855 1695 982 1764 quoque
1008 1671 1177 1740 vocabulis
1201 1671 1421 1751 Graecanicis,

312 1794 394 1859 quae
429 1774 464 1836 in
493 1771 606 1859 lingua
634 1771 763 1859 vulgari
795 1773 882 1839 binis
913 1775 1068 1860 aspiratis
1097 1773 1309 1860 pronuntiata
1342 1781 1422 1852 sunt,

313 1893 412 1958 saepe
433 1870 538 1958 legem
559 1872 648 1938 illam
670 1884 727 1938 aut
747 1896 880 1960 prorsus
902 1873 1117 1957 neglexerunt
1138 1871 1193 1954 (cf.
1206 1871 1310 1935 Inscr.
1331 1869 1422 1954 regni
1507 1871 1508 1874 ’

312 1971 415 2058 Neap.
440 1977 521 2040 3153
544 1981 577 2036 et
598 1977 695 2040 6676:
718 1973 926 2060 Thryphosa,
948 1971 1041 2038 Grut
1064 1977 1133 2040 520.
1156 1977 1190 2038 3:
1220 1968 1422 2055 Schythicus,

313 2068 482 2136 Phorchus
501 2101 544 2126 =
570 2071 719 2158 Phorcys
741 2071 836 2138 codd.
855 2073 917 2137 Pet
937 2071 966 2137 R
988 2073 1070 2138 Aen.
1092 2077 1140 2137 10.
1164 2072 1238 2139 328:
1266 2067 1423 2134 Ribbeck.

315 2168 337 2234 l.
352 2168 375 2234 l.
396 2192 470 2256 pag.
489 2175 559 2255 423,
582 2169 765 2237 Thracbius
786 2170 856 2237 cod.
877 2169 914 2235 M
933 2172 1014 2238 Aen
1036 2180 1064 2238 5.
1088 2177 1165 2239 565:
1186 2167 1346 2236 Ribbeck.
1367 2167 1387 2234 l.
1404 2167 1424 2232 l.

317 2291 393 2355 pag.
416 2275 499 2354 425),
521 2281 577 2336 aut
598 2293 638 2336 ea
659 2270 742 2336 falso
759 2272 811 2336 usi
825 2279 909 2353 sunt,
931 2272 1015 2336 sicut
1036 2293 1078 2336 ex
1092 2267 1157 2335 illis
1171 2265 1331 2356 exemplis
1347 2269 1423 2334 satis

313 2377 462 2453 apparet.

721 2623 939 2722 carus
965 2623 1023 2722 v.
1135 2597 1140 2616 '

428 2803 475 2853 DE
500 2805 658 2856 sarman
678 2807 907 2856 urrisanana
928 2807 1114 2858 wacruffls
1134 2807 1322 2858 harmala.

379 2969 661 3051 Quemadmodum
686 2972 849 3060 simplices
869 2985 982 3040 tenues
999 2975 1035 3039 in
1050 2976 1213 3062 aspiratas
1231 2975 1421 3040 transierunt

316 3072 364 3136 sic
387 3071 484 3136 etiam
512 3095 623 3138 earum
652 3076 819 3139 iuncturas
847 3074 1009 3140 interdum
1037 3075 1200 3161 aspiratas
1223 3094 1296 3138 esse
1317 3073 1420 3138 inscri-

316 3171 444 3257 ptiones
467 3193 526 3235 nos
548 3171 734 3238 docuerunt.

267 3353 271 3362 1
398 3269 423 3334 Ι.
455 3269 505 3334 Ac
534 3274 675 3358 primurn
701 3273 831 3360 quidem
859 3273 894 3338 in
914 3266 1040 3356 Ἒχθορ
1073 3281 1105 3336 et
1134 3267 1236 3351 ε’χθός
1264 3295 1304 3335 aa
1324 3274 1357 3337 in
1382 3273 1422 3350 χθ

319 3369 478 3433 transisse
492 3393 569 3457 pag.
583 3375 622 3440 88
632 3394 700 3460 sqq.
722 3373 876 3438 vidimus.
906 3371 972 3437 Sed
988 3370 1101 3436 eadem
1114 3373 1273 3459 aspiratio
1289 3373 1384 3436 etiam
1393 3375 1423 3434 in

316 3465 432 3532 litteris
467 3478 499 3533 et
527 3469 642 3535 lexicis
672 3471 814 3538 Graecis
838 3471 1052 3559 conspicitur,
1086 3471 1203 3558 collegi
1236 3473 1323 3536 enim
1355 3469 1423 3535 inde

254 3631 256 3650 ,
316 3566 471 3633 nonnulla
492 3569 653 3656 exempla,
674 3573 709 3636 in
731 3571 848 3661 quibus
872 3574 971 3658 odet
983 3573 1028 3650 xo
1050 3591 1147 3636 exus
1169 3581 1201 3638 et
1211 3593 1251 3634 κτ
1262 3583 1341 3636 nata
1350 3577 1422 3636 sunt.

380 3672 405 3730 1.
440 3666 541 3752 Apud
562 3669 763 3756 Hesychium
785 3671 904 3758 legitur
932 3663 1272 3756 ἇποφθαράξασθαι·
1298 3667 1337 3737 τὸ
1361 3670 1423 3744 τοῖς

317 3820 523 3834 '‘z-*-

368 3903 410 3968 30)
434 3899 539 3956 Dahis
558 3903 789 3974 „barbarismis“,
812 3906 860 3976 qui
879 3905 1010 3960 dicuntur
1031 3904 1066 3962 cf.
1086 3904 1267 3963 Consentium
1290 3921 1353 3977 pag.
1372 3906 1419 3960 39².

315 3985 349 4036 tt
369 3985 411 4039 ed.
426 3985 503 4040 Keil:
526 3987 609 4058 [„pcr
624 3989 883 4044 transmutationem
901 3989 1077 4060 aspirationis
1095 3991 1136 4045 sic
1152 3988 1225 4046 fiunt
1244 3987 1419 4054 barbarismirl

317 4071 352 4167 ut
366 4069 389 4121 si
406 4069 467 4141 quis
483 4069 631 4128 Thasiam
646 4087 776 4148 perversa
793 4073 961 4148 aspiratione
977 4072 1102 4150 proferat
1119 4079 1148 4132 ct
1164 4075 1241 4132 dicat
1256 4071 1418 4131 Trachiam.“
