3148 4958
868 404 910 486 lt

337 606 470 682 censem-
502 601 536 664 in
563 579 681 686 qulbus
717 611 768 664 ιαν
797 585 865 664 eive
898 618 959 662 ιωι
987 600 1139 668 suffixum
1167 604 1261 692 quasi
1288 601 1447 669 atriiliarc

337 708 394 763 est.
437 698 544 788 Atque
574 698 614 763 de
644 698 695 764 his
713 699 858 788 'quidem
888 702 1139 788 patronymicis:
1177 695 1444 788 Ταλα-ϊακ-ίθης,

335 787 612 883 'rana-tomello,
645 801 941 880 Οιᾱίροὼὲοιι-ἰᾶιι,
972 803 1228 880 opaco-imola
1249 804 1322 892 jam
1342 825 1449 892 ¹supra

335 900 376 978 (ἐ.
399 897 711 982 35)‹disseruimus3
741 897 819 963 addi
847 907 955 983 potest
981 890 1288 986 Ἀρκαδ-ιῶκ-δης,
1314 901 1357 966 de
1386 923 1448 990 quo

335 995 448 1084 Steph.
467 997 548 1083 Byr.
570 1020 594 1062 s.
613 989 771 1080 ’Λρκάςε
792 991 956 1080 ,,ἒκάλαακ
975 995 1093 1074 αὐααὺς
1113 995 1171 1062 καὶ
1188 990 1450 1084 Ἀρκαδιώκδας

334 1097 394 1158 τοῦ
407 1087 456 1157 ‘o'
470 1089 749 1172 nlomoconogf‘
769 1097 839 1164 Nec
858 1106 968 1163 tamen
988 1100 1023 1163 in
1043 1098 1115 1181 hoe,
1139 1097 1227 1187 quod
1245 1100 1333 1187 apud
1355 1123 1449 1188 quem

257 1199 261 1218 ¹
337 1197 507 1278 exstiterit,
528 1197 706 1280 nescimus,
736 1195 760 1259 δ’
785 1191 981 1281 πλεονάζει,
1010 1197 1068 1263 sed
1090 1198 1133 1265 ad
1149 1198 1372 1264 boeoticorum
1393 1221 1448 1286 pa·

335 1297 590 1384 tronymicornm
614 1296 797 1383 exemplum
819 1297 871 1373 (cl.
894 1300 924 1379 ξ.
946 1302 1000 1374 21>
1021 1298 1196 1363 formatum
1217 1321 1290 1364 esee
1310 1298 1448 1364 videtur.

336 1431 379 1442 --
398 1395 469 1460 Nec
488 1395 523 1459 in
544 1397 772 1486 patronymica
792 1396 890 1462 modo
924 1396 982 1462 sed
1002 1398 1100 1462 etiam
1120 1400 1155 1462 in
1175 1399 1364 1484 possessiva
1393 1419 1451 1461 ιων

335 1493 488 1590 suffixum
510 1494 669 1560 auxiliare
683 1495 853 1561 inductum
864 1505 927 1560 est:
950 1498 995 1558 M
999 1517 1115 1578 αρα-ι
1126 1490 1251 1561 ωκ-ίδ
1257 1519 1301 1574 ος
1314 1492 1451 1583 ’Φόρκης

335 1592 500 1681 Lycophr.
531 1599 626 1668 12753
650 1592 753 1658 παῖδα
779 1591 1041 1678 Βαρειοκ-έω
1070 1596 1157 1686 Opp.
1187 1614 1261 1684 cyn:
1294 1597 1343 1680 Π,
1371 1603 1449 1680 6233

340 1696 598 1774 Oedipodem-iac
621 1698 736 1758 roccae
758 1694 819 1761 Ov.
839 1704 914 1761 met.
931 1702 978 1779 15,
1001 1701 1079 1772 4293
1101 1695 1183 1762 Stat.
1197 1695 1300 1764 Theb.
1314 1697 1357 1780 II,
1380 1705 1449 1766 405.

334 1833 375 1846 -
397 1793 466 1859 Nec
485 1802 595 1859 tamen
611 1791 674 1858 huc
697 1803 822 1880 spectat
843 1796 941 1880 Verg.
961 1794 1042 1861 Aen.
1065 1795 1137 1877 Vll,
1159 1802 1235 1864 410:

417 1927 458 1942 ·-
481 1931 521 1941 —-
541 1929 583 1942 -
604 1915 691 1976 quom
712 1899 824 1959 dieitur
845 1897 945 1958 arbem

416 1998 653 2058 Acrisioneos
673 2000 787 2059 Dana'c’
799 2001 955 2074 fundasse
976 1999 1096 2057 colonis.

335 2093 451 2161 Coloni
489 2097 576 2172 enim
602 2099 773 2158 Acrisionci
801 2096 1023 2178 nominantur,
1056 2095 1112 2182 qui
1130 2085 1359 2180 Ἀκρισιώνης
1383 2099 1404 2161 i.
1426 2119 1451 2160 e.

334 2186 484 2278 Δανάης,
517 2217 583 2260 non
605 2196 660 2282 qui
680 2199 795 2258 Acrisii
821 2196 899 2260 'sint
937 2193 1083 2260 Maxime
1109 2203 1217 2260 antem
1244 2204 1369 2278 errant,
1398 2197 1452 2283 qui

335 2297 518 2356 Acrisioneis
540 2317 601 2381 pro
622 2295 848 2380 patronymico
866 2293 997 2360 habent.
1121 2359 1131 2378 ρ
1167 2311 1172 2320 ’

417 2397 447 2476 ξ.
470 2399 519 2461 63.
563 2391 641 2459 Jam
662 2414 745 2479 quae
766 2394 873 2460 forma
893 2393 967 2458 fem.
997 2415 1070 2481 gen.
1103 2393 1292 2459 masculinis
1327 2395 1362 2458 in
1391 2415 1453 2456 ιωι

334 2491 542 2580 respondeat,
560 2491 763 2577 indagemus.
785 2531 827 2542 -
846 2493 1065 2581 Antiquarum
1092 2502 1200 2560 autem
1222 2495 1451 2580 grammatico·
1515 2539 1520 2548 -

336 2613 413 2657 rum
431 2593 610 2677 sententia,
638 2614 738 2680 quam
764 2594 862 2658 etiam
886 2593 1090 2659 Lobeolrlum
1116 2591 1172 2671 (ad
1196 2594 1318 2660 Buttm.
1338 2592 1387 2676 11,
1414 2613 1452 2679 p.

328 2695 411 2776 Ι439)
440 2691 600 2779 probasse
621 2691 737 2776 video,
763 2693 919 2758 feminina
946 2693 981 2757 in
1007 2713 1074 2777 ωιη
1109 2701 1141 2757 et
1168 2707 1218 2778 ινρ
1243 2689 1453 2780 respondent.

335 2789 527 2857 Eustathiue
550 2791 680 2880 quidem
699 2797 827 2879 (paee,
852 2797 902 2870 15)
922 2791 1006 2858 haec
1021 2792 1249 2882 praescripsit:
1273 2781 1364 2874 „cloto
1385 2791 1454 2852 τῶν
1556 2845 1557 2848 ,

335 2880 469 2980 αἶςῖαὲ
482 2893 657 2974 ’καθαρῶν
677 2895 794 2974 κυρίαν
815 2883 964 2973 ὀνόματα
984 2884 1132 2975 γίκαιται
1159 2885 1296 2975 θηλυκὰ
1317 2911 1453 2972 πατρω-

335 2987 456 3072 νυμικὰ
488 2987 545 3055 διὰ
573 2994 633 3055 τοῦ
656 2984 756 3078 ‘ovo'
779 3011 853 3056 οιαι
880 2985 916 3056 ἐκ
927 2991 985 3056 τοῦ
1003 2982 1185 3075 Ἀκρίσιος
1204 2982 1413 3072 Ἀκρισιώνη
1433 2982 1453 3074 ἡ
1556 3043 1557 3050 ,

334 3093 395 3154 ταῦ
413 3082 603 3176 Ἀκρισίου·
627 3082 698 3156 ἀπὸ
722 3087 847 3172 <laona
866 3087 909 3178 μὴ
921 3090 1084 3172 καθαρῶν
1104 3085 1163 3152 διὰ
1174 3091 1236 3152 ταῦ
1252 3081 1262 3110 ‘
1276 3079 1341 3175 κη’
1356 3079 1454 3152 ·’A‹l-

335 3183 517 3277 ρηστίκη,ἡ
541 3192 602 3254 τοῦ
622 3181 848 3274 Ἀδράστου.“
880 3189 953 3255 ‘Sed
973 3211 1046 3255 cum
1075 3187 1291 3255 masculinam
1311 3187 1451 3254 sormam

336 3312 453 3356 revera
479 3293 514 3354 in
547 3312 628 3368 ιωκ,
646 3313 714 3356 non
744 3299 782 3355 ut
812 3289 976 3354 veteribus
1007 3285 1197 3370 videbatur,
1228 3288 1263 3352 in
1290 3309 1340 3350 αικ
1366 3275 1451 3351 iesi-

335 3411 414 3454 nere
436 3391 693 3475 cognoverimus,
715 3390 872 3456 feminina
892 3397 1065 3474 quoquest
1085 3389 1288 3476 impurorum
1309 3395 1341 3452 et
1353 3407 1451 3473 puro-

336 3509 409 3554 rum
440 3489 680 3576 primitivorum
715 3491 749 3553 in
785 3510 866 3572 ιωιη
901 3495 1142 3574 exspectantur.
1184 3485 1303 3575 Atque·
1325 3507 1367 3552 ex
1393 3488 1454 3551 im·
1519 3539 1525 3551 .

336 3589 428 3674 puris
460 3610 538 3652 sane
572 3587 723 3652 thematis
762 3609 841 3673 ιωιη
879 3586 989 3652 suffixi
1017 3607 1079 3672 ope
1109 3585 1191 3652 haec
1223 3587 1454 3674 patronymica

339 3685 438 3752 ducta
468 3696 558 3752 eunt:
589 3678 822 3770 Ἰναχ-ιώνη
850 3677 933 3764 (Ἰώ)
969 3685 1050 3754 Gall.
1074 3685 1106 3752 h.
1133 3687 1233 3754 Dian.
1258 3693 1336 3769 2543
1370 3682 1454 3750 θεαὶ

264 3775 268 3782 ’
342 3776 632 3866 Οὖραν-ιῶναι
670 3771 769 3852 llnth.
804 3806 880 3872 app.
909 3791 967 3867 51,
999 3793 1028 3852 5.
1070 3786 1109 3852 In
1141 3785 1192 3850 his
1230 3795 1337 3851 antam
1375 3785 1453 3851 duo-

337 3883 399 3949 bus
420 3884 534 3950 ultima
552 3888 704 3954 thematis
725 3885 848 3950 vocalis
871 3895 1001 3952 serrata
1023 3893 1086 3949 est:
1106 3876 1335 3970 Ἀργειώκη
1361 3885 1454 3950 Anti-

336 3983 442 4050 mach.
463 4000 523 4072 ap.
551 3986 660 4074 Steph.
688 3985 787 4072 Byz.;
822 3979 947 4070 Σεμέλη
976 3977 1225 4067 Καδμειώκη
1244 3984 1342 4049 Anth.
1375 4007 1453 4071 app.

337 4091 391 4169 51,
409 4089 461 4152 59.
503 4085 613 4166 Quare
631 4083 784 4160 ‘dubitari
799 4105 867 4151 non
887 4092 1009 4173 potest,
1038 4083 1116 4169 quin
1139 4085 1242 4151 etiem
1270 4083 1453 4170 hade'quae
