<?xml version="1.0" encoding="UTF-8"?>
<!DOCTYPE html PUBLIC "-//W3C//DTD XHTML 1.0 Transitional//EN"
    "http://www.w3.org/TR/xhtml1/DTD/xhtml1-transitional.dtd">
<html xmlns="http://www.w3.org/1999/xhtml" xml:lang="en" lang="en">
 <head>
  <title>
</title>
<meta http-equiv="Content-Type" content="text/html;charset=utf-8" />
  <meta name='ocr-system' content='tesseract 3.04.00' />
  <meta name='ocr-capabilities' content='ocr_page ocr_carea ocr_par ocr_line ocrx_word'/>
</head>
<body>
  <div class='ocr_page' id='page_1' title='image "./studienzurgriec00vanigoog/studienzurgriec00vanigoog_0164.png"; bbox 0 0 3070 4962; ppageno 0'>
   <div class='ocr_carea' id='block_1_1' title="bbox 548 1305 1213 1570">
    <p class='ocr_par' dir='ltr' id='par_1_1' title="bbox 548 1305 1213 1570">
     <span class='ocr_line' id='line_1_1' title="bbox 548 1305 1213 1388; baseline -0.003 0"><span class='ocrx_word' id='word_1_1' title='bbox 548 1305 631 1388; x_wconf 84' lang='lat' dir='ltr'><strong>DE</strong></span> <span class='ocrx_word' id='word_1_2' title='bbox 664 1307 1213 1388; x_wconf 81' lang='lat' dir='ltr'><strong>CONSONANTIBUS.</strong></span> 
     </span>
     <span class='ocr_line' id='line_1_2' title="bbox 849 1490 919 1570; baseline 0 -15"><span class='ocrx_word' id='word_1_3' title='bbox 849 1490 919 1570; x_wconf 74' lang='lat' dir='ltr'><strong>§L</strong></span> 
     </span>
    </p>
   </div>
   <div class='ocr_carea' id='block_1_2' title="bbox 597 1654 1176 1740">
    <p class='ocr_par' dir='ltr' id='par_1_2' title="bbox 597 1654 1176 1740">
     <span class='ocr_line' id='line_1_3' title="bbox 597 1654 1176 1740; baseline 0 -21"><span class='ocrx_word' id='word_1_4' title='bbox 597 1655 656 1720; x_wconf 94' lang='lat' dir='ltr'><strong>De</strong></span> <span class='ocrx_word' id='word_1_5' title='bbox 679 1654 941 1740; x_wconf 87' lang='lat' dir='ltr'><strong>digammatis</strong></span> <span class='ocrx_word' id='word_1_6' title='bbox 962 1655 1176 1740; x_wconf 83' lang='lat' dir='ltr'><strong>vestigiis..</strong></span> 
     </span>
    </p>
   </div>
   <div class='ocr_carea' id='block_1_3' title="bbox 229 1819 1519 3889">
    <p class='ocr_par' dir='ltr' id='par_1_3' title="bbox 229 1819 1519 3104">
     <span class='ocr_line' id='line_1_4' title="bbox 319 1819 1432 1908; baseline -0.002 -22"><span class='ocrx_word' id='word_1_7' title='bbox 319 1853 321 1856; x_wconf 95' lang='lat'>·</span> <span class='ocrx_word' id='word_1_8' title='bbox 402 1821 472 1886; x_wconf 90' lang='lat' dir='ltr'><strong>Iam</strong></span> <span class='ocrx_word' id='word_1_9' title='bbox 488 1820 576 1908; x_wconf 88' lang='lat' dir='ltr'><strong>apud</strong></span> <span class='ocrx_word' id='word_1_10' title='bbox 586 1820 765 1886; x_wconf 90' lang='lat' dir='ltr'><strong>Homerum</strong></span> <span class='ocrx_word' id='word_1_11' title='bbox 784 1843 849 1886; x_wconf 93' lang='lat' dir='ltr'><strong>non</strong></span> <span class='ocrx_word' id='word_1_12' title='bbox 868 1823 946 1904; x_wconf 87' lang='lat' dir='ltr'><strong>vivi,</strong></span> <span class='ocrx_word' id='word_1_13' title='bbox 969 1820 1056 1906; x_wconf 90' lang='lat' dir='ltr'><strong>quod</strong></span> <span class='ocrx_word' id='word_1_14' title='bbox 1078 1820 1206 1903; x_wconf 89' lang='lat' dir='ltr'><strong>dicitur,</strong></span> <span class='ocrx_word' id='word_1_15' title='bbox 1230 1819 1432 1906; x_wconf 79' lang='lat' dir='ltr'><strong>digammatis</strong></span> 
     </span>
     <span class='ocr_line' id='line_1_5' title="bbox 321 1917 1519 2007; baseline -0.002 -23"><span class='ocrx_word' id='word_1_16' title='bbox 321 1943 416 1986; x_wconf 91' lang='lat' dir='ltr'><strong>usum</strong></span> <span class='ocrx_word' id='word_1_17' title='bbox 439 1919 680 2006; x_wconf 74' lang='lat' dir='ltr'><strong>agnoscendum</strong></span> <span class='ocrx_word' id='word_1_18' title='bbox 703 1943 789 2002; x_wconf 89' lang='lat' dir='ltr'><strong>esse,</strong></span> <span class='ocrx_word' id='word_1_19' title='bbox 819 1930 908 1986; x_wconf 89' lang='lat' dir='ltr'><strong>recte</strong></span> <span class='ocrx_word' id='word_1_20' title='bbox 927 1929 1167 2007; x_wconf 83' lang='lat' dir='ltr'><strong>perspexerunt</strong></span> <span class='ocrx_word' id='word_1_21' title='bbox 1190 1917 1229 1984; x_wconf 80' lang='lat' dir='ltr'><strong>G.</strong></span> <span class='ocrx_word' id='word_1_22' title='bbox 1253 1917 1396 1986; x_wconf 76' lang='lat' dir='ltr'><strong>Curtius</strong></span> <span class='ocrx_word' id='word_1_23' title='bbox 1405 1927 1434 1982; x_wconf 92' lang='lat' dir='ltr'><strong>et</strong></span> <span class='ocrx_word' id='word_1_24' title='bbox 1518 1927 1519 1932; x_wconf 77' lang='grc'>’</span> 
     </span>
     <span class='ocr_line' id='line_1_6' title="bbox 236 2003 1519 2106; baseline 0 -22"><span class='ocrx_word' id='word_1_25' title='bbox 236 2053 238 2061; x_wconf 84' lang='grc'><em>·</em></span> <span class='ocrx_word' id='word_1_26' title='bbox 321 2022 376 2105; x_wconf 90' lang='lat' dir='ltr'><strong>qui</strong></span> <span class='ocrx_word' id='word_1_27' title='bbox 389 2021 457 2086; x_wconf 93' lang='lat' dir='ltr'><strong>eius</strong></span> <span class='ocrx_word' id='word_1_28' title='bbox 474 2019 667 2084; x_wconf 83' lang='lat' dir='ltr'><strong>sententiam</strong></span> <span class='ocrx_word' id='word_1_29' title='bbox 680 2019 823 2106; x_wconf 82' lang='lat' dir='ltr'>amplexi</span> <span class='ocrx_word' id='word_1_30' title='bbox 836 2030 909 2086; x_wconf 88' lang='lat' dir='ltr'><strong>sunt</strong></span> <span class='ocrx_word' id='word_1_31' title='bbox 922 2019 962 2086; x_wconf 88' lang='lat' dir='ltr'><strong>A.</strong></span> <span class='ocrx_word' id='word_1_32' title='bbox 974 2019 1118 2084; x_wconf 84' lang='lat' dir='ltr'><strong>Leskien</strong></span> <span class='ocrx_word' id='word_1_33' title='bbox 1129 2028 1161 2084; x_wconf 91' lang='lat' dir='ltr'><strong>et</strong></span> <span class='ocrx_word' id='word_1_34' title='bbox 1174 2018 1212 2085; x_wconf 86' lang='lat' dir='ltr'><strong>E.</strong></span> <span class='ocrx_word' id='word_1_35' title='bbox 1224 2017 1431 2096; x_wconf 83' lang='lat' dir='ltr'><strong>Windisch¹).</strong></span> <span class='ocrx_word' id='word_1_36' title='bbox 1518 2003 1519 2080; x_wconf 66' lang='lat' dir='ltr'><strong>i</strong></span> 
     </span>
     <span class='ocr_line' id='line_1_7' title="bbox 320 2105 1519 2207; baseline -0.001 -25"><span class='ocrx_word' id='word_1_37' title='bbox 320 2115 393 2183; x_wconf 92' lang='lat' dir='ltr'><strong>Hoc</strong></span> <span class='ocrx_word' id='word_1_38' title='bbox 414 2121 498 2184; x_wconf 87' lang='lat' dir='ltr'><strong>enim</strong></span> <span class='ocrx_word' id='word_1_39' title='bbox 520 2122 663 2184; x_wconf 80' lang='lat' dir='ltr'><strong>maxime</strong></span> <span class='ocrx_word' id='word_1_40' title='bbox 684 2118 760 2183; x_wconf 90' lang='lat' dir='ltr'><strong>inde</strong></span> <span class='ocrx_word' id='word_1_41' title='bbox 786 2129 940 2206; x_wconf 86' lang='lat' dir='ltr'><strong>apparet,</strong></span> <span class='ocrx_word' id='word_1_42' title='bbox 969 2118 1056 2207; x_wconf 86' lang='lat' dir='ltr'><strong>quod</strong></span> <span class='ocrx_word' id='word_1_43' title='bbox 1086 2118 1295 2204; x_wconf 84' lang='lat' dir='ltr'><strong>digammatis</strong></span> <span class='ocrx_word' id='word_1_44' title='bbox 1325 2119 1376 2182; x_wconf 87' lang='lat' dir='ltr'><strong>vis</strong></span> <span class='ocrx_word' id='word_1_45' title='bbox 1403 2118 1434 2181; x_wconf 90' lang='lat' dir='ltr'><strong>in</strong></span> <span class='ocrx_word' id='word_1_46' title='bbox 1518 2105 1519 2170; x_wconf 75' lang='lat' dir='ltr'><strong>i</strong></span> 
     </span>
     <span class='ocr_line' id='line_1_8' title="bbox 250 2215 1434 2304; baseline -0.001 -22"><span class='ocrx_word' id='word_1_47' title='bbox 250 2267 252 2271; x_wconf 83' lang='lat'>-</span> <span class='ocrx_word' id='word_1_48' title='bbox 320 2218 441 2283; x_wconf 89' lang='lat' dir='ltr'><strong>eisdem</strong></span> <span class='ocrx_word' id='word_1_49' title='bbox 475 2217 611 2283; x_wconf 86' lang='lat' dir='ltr'><strong>vocibus</strong></span> <span class='ocrx_word' id='word_1_50' title='bbox 644 2218 741 2284; x_wconf 91' lang='lat' dir='ltr'><strong>modo</strong></span> <span class='ocrx_word' id='word_1_51' title='bbox 770 2229 902 2284; x_wconf 85' lang='lat' dir='ltr'><strong>servata</strong></span> <span class='ocrx_word' id='word_1_52' title='bbox 930 2218 1028 2284; x_wconf 90' lang='lat' dir='ltr'><strong>modo</strong></span> <span class='ocrx_word' id='word_1_53' title='bbox 1056 2217 1205 2304; x_wconf 86' lang='lat' dir='ltr'><strong>neglecta</strong></span> <span class='ocrx_word' id='word_1_54' title='bbox 1235 2227 1302 2301; x_wconf 87' lang='lat' dir='ltr'><strong>est,</strong></span> <span class='ocrx_word' id='word_1_55' title='bbox 1330 2215 1385 2282; x_wconf 88' lang='lat' dir='ltr'><strong>vel</strong></span> <span class='ocrx_word' id='word_1_56' title='bbox 1402 2218 1434 2280; x_wconf 90' lang='lat' dir='ltr'><strong>in</strong></span> 
     </span>
     <span class='ocr_line' id='line_1_9' title="bbox 320 2315 1432 2404; baseline -0.001 -23"><span class='ocrx_word' id='word_1_57' title='bbox 320 2317 433 2382; x_wconf 92' lang='lat' dir='ltr'><strong>eodem</strong></span> <span class='ocrx_word' id='word_1_58' title='bbox 455 2317 607 2382; x_wconf 80' lang='lat' dir='ltr'><strong>carmine.</strong></span> <span class='ocrx_word' id='word_1_59' title='bbox 651 2315 846 2404; x_wconf 80' lang='lat' dir='ltr'><strong>Ubicunque</strong></span> <span class='ocrx_word' id='word_1_60' title='bbox 866 2319 1026 2404; x_wconf 84' lang='lat' dir='ltr'><strong>igiturex</strong></span> <span class='ocrx_word' id='word_1_61' title='bbox 1047 2317 1139 2383; x_wconf 89' lang='lat' dir='ltr'><strong>hiatu</strong></span> <span class='ocrx_word' id='word_1_62' title='bbox 1156 2317 1300 2382; x_wconf 85' lang='lat' dir='ltr'><strong>admisso</strong></span> <span class='ocrx_word' id='word_1_63' title='bbox 1321 2315 1375 2381; x_wconf 89' lang='lat' dir='ltr'><strong>vel</strong></span> <span class='ocrx_word' id='word_1_64' title='bbox 1395 2337 1432 2380; x_wconf 81' lang='lat' dir='ltr'><strong>ex</strong></span> 
     </span>
     <span class='ocr_line' id='line_1_10' title="bbox 320 2415 1433 2504; baseline 0 -24"><span class='ocrx_word' id='word_1_65' title='bbox 320 2415 521 2503; x_wconf 82' lang='lat' dir='ltr'><strong>syllabarum</strong></span> <span class='ocrx_word' id='word_1_66' title='bbox 544 2417 618 2482; x_wconf 87' lang='lat' dir='ltr'><strong>finis</strong></span> <span class='ocrx_word' id='word_1_67' title='bbox 648 2416 796 2482; x_wconf 87' lang='lat' dir='ltr'><strong>brevium</strong></span> <span class='ocrx_word' id='word_1_68' title='bbox 826 2416 1038 2504; x_wconf 90' lang='lat' dir='ltr'><strong>productione</strong></span> <span class='ocrx_word' id='word_1_69' title='bbox 1066 2416 1273 2503; x_wconf 83' lang='lat' dir='ltr'><strong>digammatis</strong></span> <span class='ocrx_word' id='word_1_70' title='bbox 1297 2416 1433 2500; x_wconf 74' lang='lat' dir='ltr'><strong>vesu&#39;gis</strong></span> 
     </span>
     <span class='ocr_line' id='line_1_11' title="bbox 229 2512 1432 2602; baseline -0.002 -22"><span class='ocrx_word' id='word_1_71' title='bbox 229 2512 231 2516; x_wconf 69' lang='grc'><strong>’</strong></span> <span class='ocrx_word' id='word_1_72' title='bbox 319 2537 479 2602; x_wconf 88' lang='lat' dir='ltr'><strong>apparere</strong></span> <span class='ocrx_word' id='word_1_73' title='bbox 505 2516 671 2598; x_wconf 87' lang='lat' dir='ltr'><strong>videntur,</strong></span> <span class='ocrx_word' id='word_1_74' title='bbox 708 2515 914 2598; x_wconf 88' lang='lat' dir='ltr'><strong>statuendum</strong></span> <span class='ocrx_word' id='word_1_75' title='bbox 943 2525 992 2581; x_wconf 90' lang='lat' dir='ltr'><strong>est</strong></span> <span class='ocrx_word' id='word_1_76' title='bbox 1018 2515 1216 2582; x_wconf 86' lang='lat' dir='ltr'><strong>Homeridas</strong></span> <span class='ocrx_word' id='word_1_77' title='bbox 1245 2515 1432 2602; x_wconf 85' lang='lat' dir='ltr'><strong>antiquioris</strong></span> 
     </span>
     <span class='ocr_line' id='line_1_12' title="bbox 318 2614 1433 2700; baseline 0 -22"><span class='ocrx_word' id='word_1_78' title='bbox 318 2615 476 2700; x_wconf 88' lang='lat' dir='ltr'><strong>temporis</strong></span> <span class='ocrx_word' id='word_1_79' title='bbox 500 2614 765 2680; x_wconf 80' lang='lat' dir='ltr'><strong>consuetudinem</strong></span> <span class='ocrx_word' id='word_1_80' title='bbox 786 2623 913 2681; x_wconf 90' lang='lat' dir='ltr'><strong>secutos</strong></span> <span class='ocrx_word' id='word_1_81' title='bbox 936 2639 1023 2698; x_wconf 92' lang='lat' dir='ltr'><strong>esse,</strong></span> <span class='ocrx_word' id='word_1_82' title='bbox 1053 2615 1159 2700; x_wconf 85' lang='lat' dir='ltr'><strong>qualis</strong></span> <span class='ocrx_word' id='word_1_83' title='bbox 1187 2617 1286 2680; x_wconf 88' lang='lat' dir='ltr'><strong>etiam</strong></span> <span class='ocrx_word' id='word_1_84' title='bbox 1308 2625 1385 2678; x_wconf 86' lang='lat' dir='ltr'><strong>tunc</strong></span> <span class='ocrx_word' id='word_1_85' title='bbox 1401 2616 1433 2678; x_wconf 90' lang='lat' dir='ltr'><strong>in</strong></span> 
     </span>
     <span class='ocr_line' id='line_1_13' title="bbox 319 2713 1433 2802; baseline 0 -26"><span class='ocrx_word' id='word_1_86' title='bbox 319 2713 519 2779; x_wconf 82' lang='lat' dir='ltr'><strong>carminibus</strong></span> <span class='ocrx_word' id='word_1_87' title='bbox 545 2715 702 2779; x_wconf 90' lang='lat' dir='ltr'><strong>memoria</strong></span> <span class='ocrx_word' id='word_1_88' title='bbox 734 2715 865 2780; x_wconf 87' lang='lat' dir='ltr'><strong>traditis</strong></span> <span class='ocrx_word' id='word_1_89' title='bbox 896 2717 1075 2802; x_wconf 87' lang='lat' dir='ltr'><strong>conspicua</strong></span> <span class='ocrx_word' id='word_1_90' title='bbox 1105 2725 1185 2780; x_wconf 90' lang='lat' dir='ltr'><strong>erat.</strong></span> <span class='ocrx_word' id='word_1_91' title='bbox 1229 2713 1294 2780; x_wconf 92' lang='lat' dir='ltr'><strong>Ubi</strong></span> <span class='ocrx_word' id='word_1_92' title='bbox 1325 2723 1433 2780; x_wconf 86' lang='lat' dir='ltr'><strong>contra</strong></span> 
     </span>
     <span class='ocr_line' id='line_1_14' title="bbox 319 2811 1434 2901; baseline 0 -25"><span class='ocrx_word' id='word_1_93' title='bbox 319 2811 486 2898; x_wconf 80' lang='lat' dir='ltr'><strong>digamma</strong></span> <span class='ocrx_word' id='word_1_94' title='bbox 498 2836 634 2901; x_wconf 91' lang='lat' dir='ltr'><strong>prorsus</strong></span> <span class='ocrx_word' id='word_1_95' title='bbox 651 2813 843 2900; x_wconf 81' lang='lat' dir='ltr'><strong>neglegitur,</strong></span> <span class='ocrx_word' id='word_1_96' title='bbox 859 2816 1060 2896; x_wconf 79' lang='lat' dir='ltr'><strong>recentioris,</strong></span> <span class='ocrx_word' id='word_1_97' title='bbox 1079 2837 1141 2898; x_wconf 90' lang='lat' dir='ltr'><strong>quo</strong></span> <span class='ocrx_word' id='word_1_98' title='bbox 1153 2813 1230 2878; x_wconf 88' lang='lat' dir='ltr'><strong>Ilias</strong></span> <span class='ocrx_word' id='word_1_99' title='bbox 1243 2823 1275 2880; x_wconf 89' lang='lat' dir='ltr'><strong>et</strong></span> <span class='ocrx_word' id='word_1_100' title='bbox 1285 2813 1434 2900; x_wconf 81' lang='lat' dir='ltr'><strong>Odyssea</strong></span> 
     </span>
     <span class='ocr_line' id='line_1_15' title="bbox 319 2911 1432 3001; baseline -0.001 -24"><span class='ocrx_word' id='word_1_101' title='bbox 319 2912 470 2978; x_wconf 85' lang='lat' dir='ltr'><strong>conditae</strong></span> <span class='ocrx_word' id='word_1_102' title='bbox 492 2923 575 2997; x_wconf 89' lang='lat' dir='ltr'><strong>sunt,</strong></span> <span class='ocrx_word' id='word_1_103' title='bbox 596 2914 751 3001; x_wconf 83' lang='lat' dir='ltr'><strong>temporis</strong></span> <span class='ocrx_word' id='word_1_104' title='bbox 774 2936 868 2980; x_wconf 91' lang='lat' dir='ltr'><strong>usum</strong></span> <span class='ocrx_word' id='word_1_105' title='bbox 895 2935 1083 3000; x_wconf 89' lang='lat' dir='ltr'><strong>comparere</strong></span> <span class='ocrx_word' id='word_1_106' title='bbox 1104 2914 1279 2978; x_wconf 80' lang='lat' dir='ltr'><strong>existima·</strong></span> <span class='ocrx_word' id='word_1_107' title='bbox 1308 2913 1363 2976; x_wconf 85' lang='lat' dir='ltr'><strong>Ex</strong></span> <span class='ocrx_word' id='word_1_108' title='bbox 1385 2911 1432 2976; x_wconf 89' lang='lat' dir='ltr'><strong>his</strong></span> 
     </span>
     <span class='ocr_line' id='line_1_16' title="bbox 318 3011 1479 3104; baseline 0.001 -30"><span class='ocrx_word' id='word_1_109' title='bbox 318 3013 398 3076; x_wconf 89' lang='lat' dir='ltr'><strong>satis</strong></span> <span class='ocrx_word' id='word_1_110' title='bbox 420 3011 541 3097; x_wconf 91' lang='lat' dir='ltr'><strong>elucet,</strong></span> <span class='ocrx_word' id='word_1_111' title='bbox 570 3013 819 3101; x_wconf 90' lang='lat' dir='ltr'><strong>quantominus</strong></span> <span class='ocrx_word' id='word_1_112' title='bbox 850 3037 913 3100; x_wconf 92' lang='lat' dir='ltr'><strong>quo</strong></span> <span class='ocrx_word' id='word_1_113' title='bbox 934 3023 1083 3099; x_wconf 89' lang='lat' dir='ltr'><strong>tempore</strong></span> <span class='ocrx_word' id='word_1_114' title='bbox 1103 3012 1215 3094; x_wconf 91' lang='lat' dir='ltr'><strong>Iones,</strong></span> <span class='ocrx_word' id='word_1_115' title='bbox 1247 3022 1279 3076; x_wconf 89' lang='lat' dir='ltr'><strong>et</strong></span> <span class='ocrx_word' id='word_1_116' title='bbox 1301 3012 1433 3098; x_wconf 86' lang='lat' dir='ltr'><strong>elegiaci</strong></span> <span class='ocrx_word' id='word_1_117' title='bbox 1476 3097 1479 3104; x_wconf 27' lang='grc' dir='ltr'>Ι</span> 
     </span>
    </p>

    <p class='ocr_par' dir='ltr' id='par_1_4' title="bbox 312 3111 1519 3889">
     <span class='ocr_line' id='line_1_17' title="bbox 317 3111 1519 3202; baseline 0.001 -28"><span class='ocrx_word' id='word_1_118' title='bbox 317 3119 348 3175; x_wconf 91' lang='lat' dir='ltr'><strong>et</strong></span> <span class='ocrx_word' id='word_1_119' title='bbox 377 3111 559 3202; x_wconf 80' lang='lat' dir='ltr'><strong>iamborum</strong></span> <span class='ocrx_word' id='word_1_120' title='bbox 586 3113 780 3198; x_wconf 80' lang='lat' dir='ltr'><strong>scriptores,</strong></span> <span class='ocrx_word' id='word_1_121' title='bbox 815 3122 848 3178; x_wconf 89' lang='lat' dir='ltr'><strong>et</strong></span> <span class='ocrx_word' id='word_1_122' title='bbox 875 3111 975 3178; x_wconf 84' lang='lat' dir='ltr'><strong>Solon</strong></span> <span class='ocrx_word' id='word_1_123' title='bbox 1002 3112 1149 3176; x_wconf 87' lang='lat' dir='ltr'><strong>carmina</strong></span> <span class='ocrx_word' id='word_1_124' title='bbox 1176 3118 1433 3198; x_wconf 78' lang='lat' dir='ltr'><strong>composuerunt,</strong></span> <span class='ocrx_word' id='word_1_125' title='bbox 1518 3167 1519 3182; x_wconf 68' lang='grc'>,</span> 
     </span>
     <span class='ocr_line' id='line_1_18' title="bbox 317 3209 1431 3298; baseline -0.002 -24"><span class='ocrx_word' id='word_1_126' title='bbox 317 3232 460 3276; x_wconf 87' lang='lat' dir='ltr'><strong>consona</strong></span> <span class='ocrx_word' id='word_1_127' title='bbox 482 3213 612 3298; x_wconf 87' lang='lat' dir='ltr'><strong>spirans</strong></span> <span class='ocrx_word' id='word_1_128' title='bbox 634 3213 845 3298; x_wconf 90' lang='lat' dir='ltr'><strong>pronuntiata</strong></span> <span class='ocrx_word' id='word_1_129' title='bbox 868 3213 919 3276; x_wconf 92' lang='lat' dir='ltr'><strong>sit.</strong></span> <span class='ocrx_word' id='word_1_130' title='bbox 955 3209 1099 3277; x_wconf 90' lang='lat' dir='ltr'><strong>Obstare</strong></span> <span class='ocrx_word' id='word_1_131' title='bbox 1115 3210 1245 3276; x_wconf 90' lang='lat' dir='ltr'><strong>videtur</strong></span> <span class='ocrx_word' id='word_1_132' title='bbox 1266 3210 1341 3276; x_wconf 89' lang='lat' dir='ltr'><strong>huic</strong></span> <span class='ocrx_word' id='word_1_133' title='bbox 1364 3231 1431 3274; x_wconf 89' lang='lat' dir='ltr'><strong>sen·</strong></span> 
     </span>
     <span class='ocr_line' id='line_1_19' title="bbox 315 3309 1431 3398; baseline 0.002 -26"><span class='ocrx_word' id='word_1_134' title='bbox 315 3311 445 3393; x_wconf 88' lang='lat' dir='ltr'><strong>tentiae,</strong></span> <span class='ocrx_word' id='word_1_135' title='bbox 469 3309 557 3398; x_wconf 88' lang='lat' dir='ltr'><strong>quod</strong></span> <span class='ocrx_word' id='word_1_136' title='bbox 578 3311 740 3398; x_wconf 87' lang='lat' dir='ltr'><strong>reperitur</strong></span> <span class='ocrx_word' id='word_1_137' title='bbox 761 3310 795 3374; x_wconf 90' lang='lat' dir='ltr'><strong>in</strong></span> <span class='ocrx_word' id='word_1_138' title='bbox 816 3309 908 3376; x_wconf 87' lang='lat' dir='ltr'><strong>titulo</strong></span> <span class='ocrx_word' id='word_1_139' title='bbox 926 3310 1034 3375; x_wconf 87' lang='lat' dir='ltr'><strong>Naxio</strong></span> <span class='ocrx_word' id='word_1_140' title='bbox 1058 3309 1192 3392; x_wconf 81' lang='lat' dir='ltr'><strong>O.l.1o,</strong></span> <span class='ocrx_word' id='word_1_141' title='bbox 1215 3310 1271 3398; x_wconf 91' lang='lat' dir='ltr'><strong>qui</strong></span> <span class='ocrx_word' id='word_1_142' title='bbox 1292 3311 1431 3396; x_wconf 88' lang='lat' dir='ltr'><strong>scriptus</strong></span> 
     </span>
     <span class='ocr_line' id='line_1_20' title="bbox 315 3407 1431 3494; baseline 0.001 -23"><span class='ocrx_word' id='word_1_143' title='bbox 315 3418 364 3472; x_wconf 86' lang='lat' dir='ltr'><strong>est</strong></span> <span class='ocrx_word' id='word_1_144' title='bbox 384 3419 523 3474; x_wconf 87' lang='lat' dir='ltr'><strong>exeunte</strong></span> <span class='ocrx_word' id='word_1_145' title='bbox 546 3409 676 3474; x_wconf 88' lang='lat' dir='ltr'><strong>saeculo</strong></span> <span class='ocrx_word' id='word_1_146' title='bbox 702 3418 810 3493; x_wconf 88' lang='lat' dir='ltr'><strong>sexto,</strong></span> <span class='ocrx_word' id='word_1_147' title='bbox 837 3411 968 3475; x_wconf 90' lang='lat' dir='ltr'><strong>ineunte</strong></span> <span class='ocrx_word' id='word_1_148' title='bbox 996 3410 1123 3494; x_wconf 89' lang='lat' dir='ltr'><strong>quinto,</strong></span> <span class='ocrx_word' id='word_1_149' title='bbox 1154 3409 1260 3474; x_wconf 87' lang='lat' dir='ltr'><strong>forma</strong></span> <span class='ocrx_word' id='word_1_150' title='bbox 1281 3407 1431 3472; x_wconf 71' lang='grc' dir='ltr'><em>ΑΙῖΥΊῸ</em></span> 
     </span>
     <span class='ocr_line' id='line_1_21' title="bbox 314 3499 1430 3597; baseline 0.002 -27"><span class='ocrx_word' id='word_1_151' title='bbox 314 3499 450 3586; x_wconf 80' lang='grc' dir='ltr'><strong>(αὐτοῦ).</strong></span> <span class='ocrx_word' id='word_1_152' title='bbox 491 3507 537 3573; x_wconf 82' lang='lat' dir='ltr'><strong>At</strong></span> <span class='ocrx_word' id='word_1_153' title='bbox 566 3512 687 3597; x_wconf 90' lang='lat' dir='ltr'><strong>optime</strong></span> <span class='ocrx_word' id='word_1_154' title='bbox 707 3509 928 3574; x_wconf 89' lang='lat' dir='ltr'><strong>Kirchhoffius</strong></span> <span class='ocrx_word' id='word_1_155' title='bbox 955 3507 1132 3590; x_wconf 86' lang='lat' dir='ltr'><strong>„Studien“</strong></span> <span class='ocrx_word' id='word_1_156' title='bbox 1154 3531 1186 3595; x_wconf 91' lang='lat' dir='ltr'><strong>p.</strong></span> <span class='ocrx_word' id='word_1_157' title='bbox 1208 3515 1245 3576; x_wconf 88' lang='lat'><strong>61</strong></span> <span class='ocrx_word' id='word_1_158' title='bbox 1269 3530 1337 3595; x_wconf 93' lang='lat' dir='ltr'><strong>sqq.</strong></span> <span class='ocrx_word' id='word_1_159' title='bbox 1361 3529 1430 3572; x_wconf 90' lang='lat' dir='ltr'><strong>eam</strong></span> 
     </span>
     <span class='ocr_line' id='line_1_22' title="bbox 314 3606 1430 3693; baseline -0.001 -23"><span class='ocrx_word' id='word_1_160' title='bbox 314 3608 348 3670; x_wconf 94' lang='lat' dir='ltr'><strong>in</strong></span> <span class='ocrx_word' id='word_1_161' title='bbox 371 3609 581 3692; x_wconf 88' lang='lat' dir='ltr'><strong>suspitionem</strong></span> <span class='ocrx_word' id='word_1_162' title='bbox 606 3610 748 3681; x_wconf 84' lang='lat' dir='ltr'><strong>vocavit.</strong></span> <span class='ocrx_word' id='word_1_163' title='bbox 792 3606 1089 3672; x_wconf 82' lang='lat' dir='ltr'><strong>Grammaticorum</strong></span> <span class='ocrx_word' id='word_1_164' title='bbox 1106 3608 1206 3693; x_wconf 85' lang='lat' dir='ltr'><strong>igitur</strong></span> <span class='ocrx_word' id='word_1_165' title='bbox 1225 3607 1430 3676; x_wconf 88' lang='lat' dir='ltr'><strong>testimoniis:</strong></span> 
     </span>
     <span class='ocr_line' id='line_1_23' title="bbox 314 3701 1519 3793; baseline -0.002 -24"><span class='ocrx_word' id='word_1_166' title='bbox 314 3706 482 3792; x_wconf 82' lang='lat' dir='ltr'><strong>Tryphon.</strong></span> <span class='ocrx_word' id='word_1_167' title='bbox 510 3701 598 3773; x_wconf 74' lang='grc' dir='ltr'><strong>πάθ.</strong></span> <span class='ocrx_word' id='word_1_168' title='bbox 629 3701 694 3784; x_wconf 78' lang='grc' dir='ltr'><strong><em>λέξ.</em></strong></span> <span class='ocrx_word' id='word_1_169' title='bbox 727 3711 755 3789; x_wconf 69' lang='grc' dir='ltr'><strong>ξ.</strong></span> <span class='ocrx_word' id='word_1_170' title='bbox 786 3714 832 3773; x_wconf 85' lang='lat'><strong>11.</strong></span> <span class='ocrx_word' id='word_1_171' title='bbox 861 3705 945 3772; x_wconf 91' lang='lat' dir='ltr'><strong>Mus.</strong></span> <span class='ocrx_word' id='word_1_172' title='bbox 975 3709 1043 3772; x_wconf 86' lang='lat' dir='ltr'><strong>crit.</strong></span> <span class='ocrx_word' id='word_1_173' title='bbox 1073 3706 1165 3772; x_wconf 82' lang='lat' dir='ltr'><strong>Cant.</strong></span> <span class='ocrx_word' id='word_1_174' title='bbox 1196 3706 1235 3772; x_wconf 88' lang='grc' dir='ltr'><strong>Τ.</strong></span> <span class='ocrx_word' id='word_1_175' title='bbox 1263 3706 1299 3783; x_wconf 72' lang='grc'><strong>1.,</strong></span> <span class='ocrx_word' id='word_1_176' title='bbox 1319 3729 1352 3793; x_wconf 93' lang='lat' dir='ltr'><strong>p.</strong></span> <span class='ocrx_word' id='word_1_177' title='bbox 1376 3710 1429 3772; x_wconf 81' lang='lat'><strong>34:</strong></span> <span class='ocrx_word' id='word_1_178' title='bbox 1518 3703 1519 3752; x_wconf 63' lang='lat' dir='ltr'>f</span> 
     </span>
     <span class='ocr_line' id='line_1_24' title="bbox 312 3797 1430 3889; baseline 0.001 -24"><span class='ocrx_word' id='word_1_179' title='bbox 312 3798 531 3888; x_wconf 71' lang='grc' dir='ltr'><strong><em>προςτίθεται</em></strong></span> <span class='ocrx_word' id='word_1_180' title='bbox 553 3801 590 3870; x_wconf 76' lang='grc' dir='ltr'><strong>δὲ</strong></span> <span class='ocrx_word' id='word_1_181' title='bbox 610 3801 667 3869; x_wconf 83' lang='grc' dir='ltr'><strong>καὶ</strong></span> <span class='ocrx_word' id='word_1_182' title='bbox 687 3801 725 3870; x_wconf 83' lang='grc' dir='ltr'><strong>τὸ</strong></span> <span class='ocrx_word' id='word_1_183' title='bbox 749 3799 898 3888; x_wconf 75' lang='grc' dir='ltr'><em>δίγαμμα</em></span> <span class='ocrx_word' id='word_1_184' title='bbox 920 3799 1013 3889; x_wconf 78' lang='grc' dir='ltr'><em>παρά</em></span> <span class='ocrx_word' id='word_1_185' title='bbox 1034 3797 1180 3870; x_wconf 73' lang='grc' dir='ltr'><strong><em>τεἼωσι</em></strong></span> <span class='ocrx_word' id='word_1_186' title='bbox 1196 3801 1253 3870; x_wconf 85' lang='grc' dir='ltr'><strong>καὶ</strong></span> <span class='ocrx_word' id='word_1_187' title='bbox 1265 3805 1430 3887; x_wconf 80' lang='grc' dir='ltr'><strong><em>Δωριεῦσι</em></strong></span> 
     </span>
    </p>
   </div>
   <div class='ocr_carea' id='block_1_4' title="bbox 312 4050 1427 4210">
    <p class='ocr_par' dir='ltr' id='par_1_5' title="bbox 312 4050 1427 4210">
     <span class='ocr_line' id='line_1_25' title="bbox 399 4050 1427 4125; baseline -0.002 -19"><span class='ocrx_word' id='word_1_188' title='bbox 399 4056 423 4122; x_wconf 86' lang='grc'><strong>1)</strong></span> <span class='ocrx_word' id='word_1_189' title='bbox 441 4052 486 4108; x_wconf 89' lang='lat' dir='ltr'><strong>De</strong></span> <span class='ocrx_word' id='word_1_190' title='bbox 498 4053 608 4125; x_wconf 87' lang='lat' dir='ltr'><strong>hymnis</strong></span> <span class='ocrx_word' id='word_1_191' title='bbox 621 4053 773 4108; x_wconf 87' lang='lat' dir='ltr'><strong>Homericis</strong></span> <span class='ocrx_word' id='word_1_192' title='bbox 785 4053 935 4108; x_wconf 89' lang='lat' dir='ltr'><strong>maioribus</strong></span> <span class='ocrx_word' id='word_1_193' title='bbox 949 4069 999 4110; x_wconf 91' lang='lat' dir='ltr'><strong>ser.</strong></span> <span class='ocrx_word' id='word_1_194' title='bbox 1012 4052 1146 4108; x_wconf 81' lang='lat' dir='ltr'><strong>Ernestus</strong></span> <span class='ocrx_word' id='word_1_195' title='bbox 1160 4050 1303 4108; x_wconf 87' lang='lat' dir='ltr'><strong>Windisch</strong></span> <span class='ocrx_word' id='word_1_196' title='bbox 1316 4050 1427 4123; x_wconf 82' lang='lat' dir='ltr'><strong>Lipsiae</strong></span> 
     </span>
     <span class='ocr_line' id='line_1_26' title="bbox 312 4141 565 4210; baseline 0.008 -18"><span class='ocrx_word' id='word_1_197' title='bbox 312 4141 386 4192; x_wconf 80' lang='lat'><strong>1867.</strong></span> <span class='ocrx_word' id='word_1_198' title='bbox 405 4154 471 4210; x_wconf 84' lang='lat' dir='ltr'><strong>pag.</strong></span> <span class='ocrx_word' id='word_1_199' title='bbox 490 4143 505 4192; x_wconf 86' lang='lat'><strong>2</strong></span> <span class='ocrx_word' id='word_1_200' title='bbox 524 4157 565 4209; x_wconf 88' lang='lat' dir='ltr'><strong>sq.</strong></span> 
     </span>
    </p>
   </div>
   <div class='ocr_carea' id='block_1_5' title="bbox 0 0 1540 4962">
    <p class='ocr_par' dir='ltr' id='par_1_6' title="bbox 0 0 1540 4962">
     <span class='ocr_line' id='line_1_27' title="bbox 0 0 1540 4962; baseline 0 4"><span class='ocrx_word' id='word_1_201' title='bbox 0 0 1540 4962; x_wconf 95' lang='lat' dir='ltr'><strong> </strong></span> 
     </span>
    </p>
   </div>
  </div>
 </body>
</html>
