3088 4966
588 465 643 528 221

63 645 179 710 mirum
201 653 255 710 est
276 643 424 732 ubique
415 667 449 708 sn
470 643 576 708 locum
599 647 689 708 vocis
712 633 820 728 ᾔδειν,
850 640 971 727 quippe
993 658 1076 725 quae
1096 657 1174 700 nun·

62 766 157 830 quam
182 744 293 830 posita
315 745 357 808 sit
378 752 454 808 ante
474 742 634 823 vocalem,
663 741 762 805 licere
790 739 835 804 alt
822 749 924 804 teram
955 737 1090 801 formam
1112 725 1175 821 ᾔδη

62 841 281 925 substituere,
311 842 491 906 certissime
516 849 623 905 autem
645 849 718 904 utra
746 841 788 904 eit
815 835 1031 926 praeferenda
1051 833 1173 900 intelle·

60 941 167 1025 gimus
191 963 210 1005 e
232 951 378 1006 veterum
407 941 692 1027 grammaticorum
721 938 929 1018 testimoniis,
962 935 1071 1022 quiin
1094 933 1174 998 anti-

62 1040 186 1121 quioris
217 1039 351 1124 linguae
379 1063 439 1104 usu
467 1038 569 1104 solum
594 1036 946 1150 plusquamperfectum
976 1036 1011 1098 in
1032 1053 1051 1117 r,
1074 1032 1174 1096 fuisse

62 1135 182 1202 diserte
207 1131 446 1225 explanateque
468 1137 591 1203 docent
622 1135 676 1200 Sic
696 1138 780 1200 enim
802 1133 991 1198 Eustathius
1018 1137 1105 1214 1916,
1119 1136 1174 1196 21ι

60 1229 278 1313 παραδίδωσι
301 1233 363 1318 γὰρ
383 1237 489 1322 inquit
504 1227 775 1318 Ἡρακλείδης”
756 1255 809 1296 οτι
828 1225 984 1296 Ἀττικοὶ
1006 1226 1083 1306 τοὺς
1102 1252 1174 1294 τοι·

60 1327 176 1410 οὑτους
197 1327 534 1418 ὖτιεροοντελικοὺς
518 1355 553 1396 ον
578 1335 623 1416 uqi
654 1355 712 1420 pru
733 1326 825 1416 μόιῳ
847 1333 1064 1414 neomesiam,
1100 1320 1172 1416 ᾔδη

60 1427 212 1515 λέγοντες
236 1430 292 1498 καὶ
322 1428 511 1521 iusserim]
532 1428 589 1496 καὶ
618 1426 862 1520 interocrina.
906 1425 963 1494 καὶ
984 1423 1069 1493 οὕτω
1092 1426 1173 1513 φησί

59 1526 291 1609 Παναίτιος”
269 1555 354 1612 εχειν
374 1529 435 1610 τὰς
449 1530 579 1616 γραφὰς
593 1555 683 1616 παρα
671 1526 873 1596 Πλάτωνι
897 1553 953 1594 και
946 1521 1174 1614 Θουκυδίδης

62 1625 96 1692 δὲ
117 1627 278 1718 κέχρηται
299 1634 345 1715 τῷ
366 1627 507 1716 τοιούτῳ
529 1623 678 1715 Ἀττικῷ
702 1626 834 1708 abacta)
878 1629 970 1711 Quae
992 1630 1174 1694 certissima

61 1733 242 1798 auotoritas
278 1735 388 1820 utique
420 1734 552 1796 vincere
589 1731 685 1795 debet
721 1731 877 1796 librorum
917 1728 1172 1814 ambiguitatem,

59 1833 257 1913 praesertim
285 1855 357 1896 cum
384 1832 505 1918 optime
539 1852 577 1895 ea
601 1830 655 1894 lex
687 1840 845 1916 congruat
878 1852 942 1893 non
973 1828 1075 1892 solum
1100 1851 1172 1892 curn

60 1927 308 2016 Aristophanis,
331 1928 551 2016 Thucydidis,
574 1928 721 1993 Platonis
744 1927 992 2010 consuetudine,
1021 1926 1077 1991 scd
1100 1949 1172 1992 cum

59 2027 131 2111 ipsa
152 2027 287 2094 illarum
308 2031 485 2098 formarum
508 2029 642 2113 origine.
670 2027 800 2092 Etenim
822 2029 973 2112 quoniam
986 2025 1171 2113 plusquam·
1220 2094 1224 2102 ,

60 2127 194 2210 perfecti
217 2128 342 2194 formae
364 2129 564 2214 compositae
586 2136 660 2191 sunt
680 2147 697 2190 e
719 2128 853 2212 perfecti
877 2127 976 2212 stirpe
999 2135 1031 2190 et
1050 2124 1172 2190 radicis

61 2217 107 2299 ἐς,
142 2249 230 2314 quae
251 2228 336 2292 inest
361 2230 396 2292 in
416 2225 517 2291 verbo
538 2225 741 2290 substantivo
767 2218 853 2306 εἰμί,
885 2225 1074 2311 imperfecto
1096 2219 1172 2288 iii-u

60 2324 110 2398 (cf.
126 2325 182 2392 lat
202 2333 359 2407 eram),
381 2325 451 2389 fieri
473 2347 537 2390 non
559 2326 664 2412 potuit
686 2327 763 2410 quin
784 2325 1027 2410 antiquissimae
1048 2326 1172 2391 formae

61 2423 170 2508 quales
199 2434 331 2490 exstant
359 2445 431 2488 cum
460 2425 494 2488 in
520 2425 673 2489 universa
695 2423 831 2488 dialecto
852 2423 1013 2501 Ionica⁷⁰)
1043 2435 1109 2489 tum
1137 2427 1171 2490 in

60 2519 197 2592 Homeri
220 2522 435 2588 carminibus:
457 2517 661 2610 ἐ-τεθήιι-εα
676 2521 737 2588 Oti
755 2518 773 2600 ζ
791 2530 854 2591 167.
877 2517 1084 2607 ἔ-πιπήγ-ια
1104 2524 1169 2602 (lat

60 2623 318 2708 pe-pig·eram)
345 2645 435 2688 more
466 2621 609 2708 legitimo
645 2623 911 2690 contraherentur
946 2624 980 2688 in
1010 2619 1169 2712 ἐτεθήιιη,

61 2711 222 2807 ἐπεπήγη.
264 2721 368 2788 Porro
398 2730 646 2787 consentaneum
676 2731 727 2787 est
757 2721 933 2788 alterius
963 2747 1171 2810 personae

60 2822 388 2886 terminationem
424 2842 495 2886 esse
526 2841 597 2897 εας,
632 2842 680 2906 ης.
733 2820 936 2906 Quamquam
973 2823 1067 2890 huius
1099 2847 1170 2911 per-

62 2935 158 2984 sonae
200 2941 300 2984 unum
339 2917 561 2984 tantummodo
611 2927 719 2984 exstat
753 2920 841 3006 apud
880 2932 992 3008 poetas
1028 2925 1170 3009 tragicos

60 3018 260 3105 exemplum:
474 3059 477 3068 ·

100 3115 176 3182 Ant.
198 3124 274 3186 447:
302 3108 383 3204 ᾕδης
402 3113 444 3180 τὰ
466 3110 670 3202 κηρυχθέντα
691 3113 736 3203 μὴ
758 3113 1170 3202 neocaesariensibus

61 3208 116 3278 La.
148 3226 199 3280 est
232 3207 330 3302 ᾕδεις.
360 3251 399 3264 -·
426 3217 465 3282 in
495 3217 624 3281 tortia
659 3215 831 3304 denique
863 3240 1053 3305 persona,
1087 3243 1169 3308 quae

62 3316 193 3398 proprie
225 3314 337 3380 exibat
374 3316 408 3380 in
444 3337 477 3379 se
502 3323 534 3379 et
566 3336 633 3392 ειν,
669 3316 785 3382 deinde
816 3317 867 3383 his
894 3317 1063 3384 vocalibus
1095 3341 1169 3385 oon-

61 3415 171 3478 tractis
208 3415 242 3478 in
275 3435 304 3476 ιι
331 3427 363 3478 et
394 3434 458 3491 ειν,
473 3416 514 3494 ⁷¹)
548 3424 665 3502 poetae
695 3415 831 3482 Homeri
860 3418 1045 3484 insistentes
1074 3423 1168 3484 vesti·

60 3557 267 3580 ᾓ--η--ι

110 3696 153 3764 89)
172 3695 214 3754 Cf
233 3697 479 3768 praetereaMoer
497 3715 525 3770 p.
545 3703 601 3756 tte.
638 3699 938 3772 Ε1.Μ.419,10.18.

113 3778 155 3844 70)
173 3778 216 3836 (11.
233 3780 365 3854 Apollon.
383 3777 469 3852 Dysc
488 3783 522 3838 de
539 3784 615 3840 adu:
644 3786 675 3840 τὸ
701 3784 781 3852 ᾔδειν
806 3787 878 3858 παρ’
897 3786 995 3844 Ἴωσιν
1016 3785 1169 3862 tardasses

62 3849 136 3925 ἤθεα,
155 3863 336 3934 ἐπεποιήκειν
354 3865 532 3936 ἐπεποιήκει,
550 3873 597 3922 καὶ
615 3869 711 3926 πάντα
732 3871 766 3924 τὰ
787 3870 896 3933 τούτοις
913 3871 1005 3946 ὅμοιοι.

114 3945 155 4010 11)
175 3946 216 4002 Of.
235 3946 320 4020 (ἶπες.
339 3948 402 4004 Cor.
420 3967 447 4020 p.
468 3953 528 4004 111ι
555 3955 602 4004 aut
621 3956 651 4006 τὸ
670 3951 750 4026 ᾔδειν
768 3953 831 4008 ἀντὶ
848 3959 897 4008 τοῦ
917 3952 988 4029 ᾔδει,
1008 3959 1054 4010 καὶ
1074 3955 1168 4013 ἐνετύ-

63 4037 125 4087 φειν
144 4027 207 4084 ἀντὶ
226 4037 274 4088 τοῦ
293 4033 422 4104 irrumpa
432 4031 569 4088 Ἀττικόν·
584 4041 713 4107 χρῶνται
725 4036 779 4106 γὰρ
794 4037 841 4091 int
855 4043 913 4093 τῶν
925 4037 1169 4109 ὑπερονντεὶιιιεῖν

63 4111 119 4168 ῐθῑι
135 4113 255 4186 πρώτοις
271 4115 438 4190 προσώποις
455 4115 517 4172 ἀντὶ
538 4123 595 4174 τῶν
614 4125 724 4192 τρίτων.
