3008 4968
501 423 708 516 A&

63 597 191 684 Bergkic
214 599 250 662 in
264 597 448 684 proecdosi)
472 598 644 664 δεσποτῶν
665 595 907 682 τρομεαμένους
928 603 971 678 (Γ
988 599 1077 686 apud
1090 599 1163 666 Ari-

65 697 136 780 sud,
154 697 253 784 vulgo
277 691 462 778 δεσπότας).

114 797 281 862 Putaverit
303 797 480 884 quispiam,
502 821 698 886 quamquam
719 799 858 865 fortasse
879 796 1166 884 Σαλαμιναφετῶν

63 897 90 960 in
110 896 218 982 elegiis
241 895 431 962 mutandam
460 899 510 981 sit,
539 909 647 963 tamen
671 897 908 964 defendendam
936 921 1006 964 esse
1029 899 1165 985 scriptu-

64 1019 122 1060 ram
141 995 297 1060 traditam
323 997 357 1060 in
384 996 518 1080 iambis,
533 997 608 1083 ubi
632 1007 730 1086 poeta
757 999 897 1084 patriam
923 997 1094 1064 dialectum
1119 1021 1165 1064 se-

64 1105 174 1180 quatur.
218 1095 373 1163 Attamen
404 1119 445 1160 ne
477 1098 511 1162 in
542 1097 593 1162 his
626 1097 756 1184 quidem
787 1099 833 1160 ὦν
859 1105 948 1163 recte
979 1121 1013 1164 se
1044 1097 1165 1164 habere

65 1204 164 1280 potest
210 1193 293 1262 Cum
322 1197 562 1260 enim-mecum
591 1205 707 1284 reputo
740 1219 918 1283 usurpasse
951 1197 1103 1264 Solonem
1132 1200 1166 1262 in

67 1301 86 1359 1.
106 1294 328 1360 declinationis
350 1295 384 1358 in
408 1316 428 1356 α
451 1295 600 1360 exeuntis
621 1296 772 1381 genetivo
801 1318 875 1362 cum
894 1295 1027 1362 Ionibus
1050 1319 1088 1379 η,
1118 1296 1166 1360 di·

63 1394 140 1458 xisse
158 1394 267 1458 videri
296 1395 394 1482 etiam
427 1392 514 1458 illius
546 1396 703 1482 temporis
724 1393 851 1503 Atticos
873 1417 917 1460 εω
948 1396 983 1460 in
1015 1397 1166 1482 genetivo

64 1502 272 1587 singulari-
294 1521 332 1564 ov
356 1502 441 1566 enim
469 1504 631 1568 recentius
653 1523 695 1567 ex
716 1495 804 1586 ism,
834 1511 967 1591 propter
998 1511 1166 1568 accentum

65 1600 216 1666 simillime
246 1622 285 1664 ac
305 1593 367 1664 x'm
387 1601 613 1688 pronuntiato,
635 1610 746 1666 natum
775 1611 824 1666 est
843 1641 899 1686 —,
928 1601 1105 1668 verisimile
1131 1602 1168 1668 fit

65 1697 222 1782 Solonem,
252 1701 380 1764 cumin
401 1699 510 1766 multis
537 1699 635 1766 rebus
662 1701 758 1766 Ionas
781 1710 984 1789 sequeretur,
1014 1704 1111 1768 etiam
1133 1704 1167 1766 in

65 1801 204 1882 genetivo
227 1797 269 1885 pl.
292 1798 402 1864 Ionice
423 1819 487 1862 εων
510 1799 650 1882 dixisse,
672 1800 725 1865 vel
748 1802 776 1864 si
798 1801 913 1866 statuis
936 1804 1067 1894 antiquo
1088 1811 1167 1866 tem-

64 1920 132 1984 pore
152 1897 242 1985 apud
263 1896 391 1963 Atticos
413 1920 486 1962 eum
508 1921 591 1983 αων,
613 1921 677 1965 non
700 1920 762 1962 εων
783 1901 929 1964 sonuisse
944 1901 978 1977 ⁴).
1015 1900 1167 1984 'Accedit
1231 1923 1234 1930 ’
1342 1899 1345 1906 ’

65 1998 140 2083 quod
160 1996 265 2062 multa
287 1996 415 2079 similia,
434 1997 535 2064 veluti
555 1999 694 2064 nominis
718 2000 867 2085 'stirpium
885 2001 918 2062 in
940 2019 960 2061 σ
981 2001 1167 2064 exeuntium

64 2099 222 2180 genetivus
244 2095 289 2184 pl.
311 2096 364 2174 (cf.
385 2100 415 2179 §-
437 2103 470 2180 8,
492 2102 537 2178 3),
565 2098 767 2184 pronominis
795 2096 977 2184 personalis
999 2101 1167 2183 genetivus

64 2196 100 2281 pl.
121 2201 162 2279 (ξ.
188 2202 255 2278 13),
284 2195 460 2260 verborum
489 2219 643 2284 purorum
673 2196 796 2263 formae
824 2218 889 2262 non
918 2205 1103 2262 contractae
1125 2219 1168 2260 rw

65 2315 117 2357 εων
136 2296 323 2383 genetivum
346 2294 389 2381 pl.
413 2316 476 2358 εων
497 2295 724 2362 commendare
747 2305 906 2381 poterant.

114 2395 227 2482 Neque
251 2399 285 2458 in
308 2392 407 2460 dubio
428 2395 637 2483 relinquitur,
661 2393 739 2482 quid
761 2393 801 2458 de
822 2394 936 2460 formis
957 2394 1168 2460 iudicandum

65 2493 107 2576 sit,
127 2513 211 2582 quae
240 2493 393 2578 leguntur
423 2493 512 2580 apud
534 2493 757 2579 Theognidem
779 2513 826 2559 vs.
852 2499 930 2560 1014
951 2485 1078 2571 Ἀΐδαν,
1107 2501 1167 2562 455

65 2590 210 2672 πολιτῶν,
231 2596 290 2659 769
309 2593 477 2672 Μουσῶν,
504 2598 564 2660 343
587 2601 620 2656 et
640 2597 718 2659 1153
741 2593 851 2655 κακῶν
872 2593 951 2671 (scil.
973 2589 1165 2674 μεριμνὲων,

65 2692 139 2778 quod
158 2692 191 2757 A
213 2692 378 2769 servavit).
420 2691 550 2758 Etenim
570 2692 605 2756 in
622 2691 747 2756 Dorica
769 2690 908 2758 dialecto
927 2691 1081 2778 vulgares
1103 2693 1166 2758 for-

64 2812 126 2856 nae
151 2812 317 2875 nunquam
345 2792 380 2854 in
398 2813 461 2856 usu
481 2790 610 2856 fuerunt
617 2839 626 2872 ,
659 2790 760 2855 sedc't
788 2799 820 2854 et
841 2795 880 2853 ᾶν
902 2813 944 2856 ex
966 2813 1007 2854 αα
1038 2802 1070 2856 et
1100 2814 1168 2854 αων

65 2899 249 2956 contractae.
293 2887 470 2970 Quomodo·
492 2891 610 2976 igitur,
641 2911 778 2977 quaeso,
807 2889 886 2954 ferri
913 2899 1021 2976 potest
1041 2891 1076 2954 in
1097 2913 1167 2956 car·

65 2988 196 3054 minibus
219 2987 421 3074 Theognidis
441 2989 602 3054 recentior
623 2987 734 3054 Attica
754 2987 906 3053 flectendi
925 2991 1033 3054 ratio?

117 3087 267 3175 Denique
295 3089 518 3173 genetivorum
544 3088 649 3154 forma
671 3110 692 3149 α
714 3097 746 3152 et
767 3109 822 3170 αν,
853 3109 950 3174 quam
977 3088 1073 3153 modo
1095 3089 1169 3154 Do·

65 3187 209 3252 riensium
231 3189 400 3274 propriam
423 3210 494 3252 esse
517 3187 659 3252 diximus
666 3237 675 3270 ,
696 3188 857 3273 reperitur
880 3186 968 3273 apud
990 3187 1168 3274 Tyrtaeum

66 3287 211 3353 embater.
256 3291 310 3368 15,
332 3292 351 3352 2
373 3283 540 3350 πολιατᾶν
561 3296 592 3350 et
618 3285 707 3372 apud
729 3284 953 3371 Theognidem
979 3309 1026 3352 vs.
1057 3291 1116 3354 785
1138 3295 1169 3351 et

70 3391 139 3454 1088
161 3387 194 3451 in
209 3376 355 3466 Εὐρώτα,
381 3409 445 3474 qua
459 3409 533 3452 eum
552 3386 658 3452 forma
680 3387 864 3472 comparari
885 3394 1033 3472 possunt:
1054 3385 1168 3450 Hesio-

68 3481 120 3548 dea
140 3483 260 3566 μελιᾶν
281 3491 346 3574 (op.
372 3490 441 3563 145)
468 3494 500 3551 et
521 3487 608 3548 θεᾶν
635 3485 750 3570 (theog.
775 3489 837 3562 41).
879 3483 979 3572 Apud
1002 3483 1169 3568 Theogni-

68 3579 132 3648 dem
160 3593 268 3650 tamen
297 3586 415 3652 summi
441 3585 594 3651 momenti
622 3593 672 3651 est
699 3583 784 3649 banc
806 3585 966 3650 rationem
988 3592 1112 3648 tantum
1134 3585 1169 3646 in

126 3835 152 3902 4)
170 3833 201 3888 In
220 3831 444 3904 inscriptionibus
461 3831 567 3886 nullum
585 3835 675 3886 exstat
694 3832 857 3903 exemplum.
891 3832 963 3887 Nam
976 3846 1027 3900 pro
1045 3830 1084 3884 eis
1097 3846 1169 3901 quae

68 3913 214 3972 Boeckhius
239 3917 365 3972 ediderat
389 3917 419 3970 in
435 3913 532 3970 Attica
555 3915 732 3985 inscriptione
759 3915 788 3970 Ο.
808 3914 830 3970 Ι.
849 3914 878 3982 1,
901 3919 933 3969 33
953 3914 1169 3981 Τῶνᾍθηνεων

68 3991 150 4056 ἆθλον
169 3989 232 4072 ctist,
250 4001 384 4056 mannus
402 3999 479 4056 elem.
499 4001 584 4071 epigr.
601 4017 629 4070 p.
645 4002 690 4054 101
706 3999 774 4052 vidit
791 3997 911 4070 legenda
927 4013 999 4052 esse:
1020 4002 1076 4052 τῶν
1089 3996 1170 4067 Ἀθή-

68 4090 148 4150 νηθεν
165 4081 257 4142 ἄθλων
277 4089 346 4156 εἰμί.
