3148 4958
689 377 731 452 25

146 573 396 660 patronymica:
423 562 720 654 Ἡρακλεί-δης
746 569 858 650 Hom.;
888 559 1163 653 Ἰφικλεί-δης
1190 568 1268 634 Hes.

147 695 192 736 so.
219 679 288 754 111,
310 671 422 756 Pind.;
457 677 628 738 Neocli-dos
650 671 713 734 Ov.
735 678 822 756 pont.
847 668 878 750 l,
902 675 931 750 3,
952 671 1009 750 ee,
1039 660 1271 744 Οἰκλείδας

146 772 243 840 Pincl
267 767 321 840 Ol'.
344 777 374 860 6,
396 771 443 840 20.
463 770 580 846 Aesch.
603 769 691 859 Sept.
712 774 781 841 382.

608 961 810 970 .—

146 1212 194 1300 B,
229 1228 404 1289 QUOMODO
434 1227 571 1276 ΡΟΕΤΑΕ
598 1227 786 1277 nacrrnlcl
812 1225 920 1273 METRI
942 1223 1069 1272 ORATlh
1092 1223 1268 1271 PATRONY·

410 1327 494 1376 hssOA
515 1329 775 1392 FORMAVERINT,
799 1325 1011 1374 nxronlrua.

233 1477 353 1541 Poetas
375 1475 554 1564 dactylicos
582 1485 618 1542 nt
639 1477 680 1542 ab
707 1477 779 1559 hac,
808 1497 904 1560 quam
935 1471 1030 1538 modo
1058 1471 1270 1559 perlustravi-

147 1600 231 1658 mus,
254 1576 447 1642 formatione
469 1579 766 1664 patronymicorum
785 1574 939 1640 recedant
960 1571 1045 1636 haud
1067 1595 1142 1638 raro
1166 1581 1268 1636 metro

148 1677 225 1761 cogi
247 1676 408 1740 neminem
428 1677 539 1763 fugiet.
583 1677 652 1742 Nec
673 1677 758 1741 enim
772 1676 969 1741 conveniunt
985 1685 1088 1736 metro
1106 1671 1268 1758 dactylico

147 1777 377 1862 patronymica
399 1776 573 1842 secundum
593 1799 741 1842 normam
761 1776 864 1857 facta,
893 1795 1030 1861 quorum
1057 1772 1223 1857 primitiva
1241 1773 1269 1836 si

147 1876 184 1940 in
198 1873 346 1940 vocalem
368 1885 498 1959 exeunt,
519 1876 808 1964 macroparaleeta,
832 1877 860 1940 si
880 1876 913 1940 in
936 1879 1179 1952 consonantem,
1201 1893 1267 1934 ma-

148 1974 368 2060 crooataleota
383 1987 475 2058 sunt3
498 1999 559 2042 nec
573 1978 680 2042 minus
699 2000 719 2041 a
733 1985 835 2040 metro
851 1973 1014 2060 dactylico
1029 1995 1068 2037 ea
1082 1970 1268 2052 abhorrent,

148 2096 288 2162 quorum
302 2075 487 2161 primitiva,
509 2078 538 2141 si
559 2079 593 2142 in
614 2076 761 2143 vocalem
782 2079 918 2157 exeunt,
947 2071 1155 2158 tribrachyn,
1185 2070 1213 2134 si
1234 2070 1267 2134 in

149 2183 393 2256 consonantem,
416 2175 641 2262 pyrrhichium
661 2178 792 2242 faciunt.

233 2279 263 2356 ᾗ.
285 2280 333 2340 25.
369 2273 517 2340 Maxima
539 2279 837 2364 patronymicorum
859 2299 948 2363 pars,
971 2295 1054 2362 quae
1078 2294 1096 2336 e
1116 2271 1267 2338 thematis

148 2375 270 2461 prioris
291 2376 421 2460 generis
443 2375 592 2441 derivata
613 2385 703 2458 sunt,
737 2384 812 2442 ante
840 2373 883 2438 δα
911 2374 1063 2440 suffixum
1093 2393 1135 2434 ια
1157 2370 1267 2436 litte·

147 2497 193 2538 ra
203 2497 226 2538 s·
241 2473 400 2560 praebent
416 2484 450 2540 ut
470 2467 726 2560 Ἀγχῑσ-ιά-δης
741 2474 783 2540 ah
795 2466 951 2558 Ἀγχῖσα,
972 2464 1269 2555 Telonos-mining
1383 2529 1399 2554 ,

148 2574 191 2638 ab
220 2567 389 2654 Τελαμών.
434 2575 508 2657 Qua
528 2578 634 2643 forma
655 2577 750 2640 metri
772 2597 871 2640 cansa
893 2583 1007 2662 poetas
1029 2575 1076 2638 uti
1092 2573 1164 2660 jam
1186 2571 1267 2635 anti-

149 2676 206 2762 qui
220 2676 427 2759 grammatici
441 2675 685 2758 intellexerunt3
707 2675 826 2761 legitur
849 2675 934 2740 enim
956 2672 1045 2760 apud
1058 2671 1267 2738 Eustathium

151 2779 199 2854 13,
226 2779 279 2838 ll:
308 2765 448 2855 ,,Ἰστὲον
470 2770 582 2838 δὲκαὶ
604 2771 656 2839 ὅτι
679 2767 740 2839 οὐκ
763 2767 816 2840 cici
836 2771 875 2838 τὸ
893 2766 937 2836 ‘a'
962 2774 1144 2858 ποιητικῶς
1164 2769 1267 2834 πλεο-

148 2866 241 2952 νάζει
265 2868 300 2935 ἐν
320 2874 391 2948 τοῖς
413 2871 469 2938 διὰ
493 2877 552 2938 τοῦ
572 2868 668 2959 ‘adpo'
693 2875 970 2958 ιιατρωννμικοῖς,
996 2865 1084 2935 ἀλλὰ
1105 2865 1210 2952 μόνον
1234 2866 1271 2948 ἐξ

149 2965 312 3058 ἀνάγκης,
337 2968 393 3037 ὅτε
409 2969 476 3055 πρὸ
496 2977 556 3038 τοῦ
573 2969 610 3038 ‘a‘
640 2970 752 3058 μακρά
776 2970 845 3038 ἐστι
876 2966 1040 3059 συλλαβή·
1064 2957 1136 3034 οἷον
1162 2967 1269 3034 Τελα-

146 3066 295 3159 proriam
326 3069 600 3161 Τελαμωνιάδης,
634 3072 803 3161 Νηληΐδης
829 3067 1039 3159 Νηληϊάδηςι
1074 3065 1179 3146 οὕτως
1211 3059 1269 3132 οὖν

147 3169 207 3236 καὶ
228 3170 413 3260 Hal-pilipp,
438 3169 644 3262 Πηληιάδης
667 3168 697 3239 εἰ
719 3173 780 3258 γὰρ
801 3171 840 3255 μθ
864 3166 1034 3259 πλεονάσῃ
1058 3167 1092 3234 ἐν
1105 3173 1176 3246 τοῖς
1195 3187 1268 3232 τοι-

149 3267 262 3348 ούτοις
281 3270 320 3338 τὸ
338 3266 396 3351 ‘oa'
421 3271 477 3339 καὶ
500 3271 604 3352 οὕτως
626 3261 822 3361 inaquosis*
846 3268 1017 3350 δάκτυλος,
1043 3263 1081 3336 οὗ
1099 3268 1270 3335 συντελοῦ-

148 3393 203 3438 σιν
223 3365 270 3450 εἰς
289 3369 410 3456 μέτρον
440 3368 578 3461 ἡρωϊκὸν
607 3372 664 3438 διὰ
688 3372 726 3440 τὸ
750 3375 998 3456 καταπεραιοῦν
1020 3365 1068 3448 εἰς
1089 3365 1181 3435 πόδα
1203 3360 1269 3449 ἆμ-

150 3467 358 3558 φίμακρον.“
403 3475 496 3556 Quae
525 3486 632 3542 autem
663 3485 748 3542 essct
774 3483 892 3541 natura
920 3474 1007 3540 illius
1036 3493 1072 3536 ια
1111 3469 1268 3558 syllabae,

149 3575 234 3638 inter
257 3575 408 3660 antiquos
429 3578 660 3660 grammaticos
683 3576 909 3662 discrepabat;
932 3576 969 3640 cf.
986 3574 1132 3640 Oramer.
1157 3569 1269 3636 anecd.

149 3673 257 3738 Oxou.
279 3674 297 3738 I
316 3697 346 3759 p.
369 3679 429 3741 443
451 3699 476 3740 s.
503 3670 814 3762 Χαλκωδοντιάδης·
845 3668 903 3752 „ol
932 3669 992 3755 μὲν
1018 3669 1168 3755 λέγουσι,
1201 3662 1270 3734 ἀπὸ

148 3765 291 3848 εὐθείας
318 3769 582 3854 Χαλκωδοντιὰς
608 3763 780 3859 γίνεσθαι,
813 3770 845 3839 οἱ
875 3771 911 3838 δὲ
939 3767 1008 3838 ἀπὸ
1036 3774 1094 3835 τοῦ
1125 3769 1269 3836 Χαλκω-

149 3865 282 3948 δόντιος
309 3876 473 3958 κτητικοῦ.
508 3867 576 3939 ἀλλ’
608 3867 770 3940 οὐδέποτε
790 3873 832 3939 τὰ
858 3869 1097 3956 πατρωνυμικὰ
1120 3864 1190 3937 ἀπὸ
1210 3875 1270 3935 τοῦ

149 3975 304 4057 κτητικοῦ
326 3966 462 4056 γίνεται,
487 3967 560 4038 ἀλλ’
585 3969 655 4040 ἀπὸ
678 3971 807 4061 κυρίων·
831 3967 965 4056 ἄμεινον
984 3963 1042 4037 οὖν
1057 3968 1271 4054 πλεονασμὸν

150 4067 349 4154 λαμβάνειν.
377 4067 509 4160 γέγονεν
542 4067 601 4141 οὖν
627 4069 697 4145 ἀπὸ
717 4080 775 4166 τῆς
802 4066 1104 4160 περιττοσνλλᾶβον
1127 4076 1269 4162 γενικῆς·
