3056 4968
129 637 165 701 Id
185 639 268 702 enim
287 638 408 701 factmn
431 646 480 704 est
501 639 535 702 in

124 740 273 816 peierare,
301 723 389 801 ocius
412 736 504 800 verbi
525 759 650 820 omnes,
679 736 839 823 quomodo
869 733 1036 821 paullatim
1057 735 1167 799 tectae

53 836 142 916 sint,
174 837 363 900 mutationes
389 837 423 899 in
450 859 548 900 manu
577 839 706 923 scriptis
733 835 873 900 traditas
893 835 935 898 H.
958 833 1166 898 Usoncrus

72 934 101 997 in
124 933 321 1000 Fleckeiseni
356 934 462 1000 annal.
496 935 575 1000 XCI
605 933 716 1023 [1865]
750 958 780 1021 p.
808 941 878 1000 226.
910 942 1001 997 tanta
1030 955 1108 997 cura
1137 943 1192 997 ct,

72 1031 226 1118 diligentia
254 1033 397 1119 collegit,
425 1044 547 1122 quanta
576 1035 682 1100 adhuc
707 1034 909 1099 desideratur
937 1032 971 1096 in
999 1032 1166 1118 permultis

71 1125 214 1198 eiasmodi
235 1133 414 1199 ¹vocabulis.

125 1231 390 1320 Antiquissimem
413 1241 520 1324 antem
538 1233 689 1326 termam,
713 1255 795 1320 quae
811 1233 845 1298 in
861 1232 1042 1303 veterrimis
1057 1232 1165 1298 Plauti

71 1328 224 1398 codicibus
245 1341 408 1426 superest,
428 1337 589 1412 periurare
609 1333 730 1415 tuisse,
752 1354 810 1397 nos
834 1329 929 1426 docet
951 1330 1163 1417 etymologia3

70 1437 112 1492 θεῖ
139 1432 221 1494 onim
245 1432 458 1517 compositum
489 1455 530 1496 cx
558 1433 798 1518 praepositione
825 1456 882 1512 per
904 1430 956 1507 (cf.
980 1429 1037 1496 Gr.
1058 1425 1163 1512 παρά)

69 1549 132 1591 cum
153 1530 253 1593 verbo
275 1529 412 1594 iurandi.
456 1531 599 1596 Litteras
625 1532 726 1616 igitur
744 1555 809 1596 non
830 1539 968 1594 mutatas
997 1539 1071 1594 ante
1092 1553 1163 1596 ocu-

69 1625 111 1690 los
132 1627 303 1712 habemus,
327 1630 411 1694 sicut
431 1632 465 1695 in
487 1631 688 1706 substantivo
708 1635 891 1712 periurium,
923 1629 980 1694 ubi
1000 1629 1164 1695 Romanos

67 1747 221 1816 nunquam
243 1752 261 1789 r
281 1725 423 1793 litteram
458 1729 505 1794 ita
534 1727 730 1797 emollivisse
749 1728 912 1811 videmus,
943 1738 980 1793 ut
1002 1731 1162 1796 eiecerint

66 1821 175 1892 Postea
196 1836 304 1892 autern
333 1851 373 1894 ex
390 1834 552 1910 periurare
565 1829 690 1893 factum
714 1837 762 1893 est
777 1833 954 1910 perierem,
983 1850 1079 1916 quam
1100 1829 1163 1894 for-

66 1946 142 1989 mam
178 1928 325 1992 extitisse
361 1931 542 2016 suspicatus
576 1926 706 2013 quidem
737 1938 785 1992 θεῖ
816 1927 850 1993 0.
878 1927 916 1992 L.
945 1925 1163 1993 Schneiderus

65 2023 157 2099 (clem.
176 2025 193 2091 I
199 2077 208 2110 ,
232 2032 304 2104 573)
335 2026 385 2092 his
408 2029 533 2093 tantum
554 2025 663 2090 verbis
693 2027 726 2090 in
753 2025 836 2090 libro
867 2024 915 2100 dc·
928 2025 1163 2116 orthographia

64 2123 207 2190 exhibitis
231 2123 400 2208 adductus,
414 2127 475 2192 'cui
489 2124 599 2191 Bedae
614 2148 731 2191 nomen
748 2125 934 2213 impositum
950 2134 998 2190 est
1013 2131 1054 2211 (p.
1071 2133 1160 2194 2343.

64 2229 88 2288 4.
108 2222 265 2304 Putsch.):
291 2225 472 2310 „Periurus
488 2227 549 2313 'qui
570 2224 655 2288 male
676 2227 775 2288 iurat:
798 2225 906 2310 pcicro
926 2246 1004 2288 vero
1025 2225 1162 2290 verbum

61 2343 155 2387 rnon
178 2323 276 2388 debet
301 2321 439 2406 habere,
471 2335 519 2388 est
546 2326 631 2388 enim
660 2325 754 2411 quasi
784 2325 874 2410 peius
902 2323 1002 2387 iuro“
1032 2326 1164 2402 (refutat

61 2419 152 2504 igitur
168 2433 283 2488 auctor
302 2423 451 2505 formam,
469 2423 555 2515 quod
569 2433 696 2512 partem
712 2423 883 2509 compositi
895 2423 1035 2510 priorem
1046 2446 1162 2510 parurn

60 2519 226 2609 intellegit3
254 2523 350 2588 immo
373 2545 449 2588 vero
471 2524 602 2608 ignorat
625 2546 720 2588 voces
737 2525 882 2603 periuros
911 2530 944 2585 ot
968 2515 1072 2602 peiere
1098 2547 1163 2588 non

60 2639 124 2683 esse
146 2621 374 2708 emungenda),
406 2631 440 2686 at
468 2645 555 2686 nune
581 2621 691 2687 multis
721 2621 881 2686 bonorum
904 2619 1051 2686 codicum
1073 2626 1161 2686 testi-

59 2721 167 2784 moniis
191 2719 233 2785 ab
255 2719 400 2786 Usenero
423 2723 618 2786 enumeratis
631 2721 679 2804 ¹³),
701 2719 734 2785 id
758 2729 844 2784 certe
866 2721 1021 2806 patescit,
1040 2728 1162 2802 periero

60 2813 173 2882 dictum
195 2819 308 2884 fuisse.
351 2817 416 2884 Sed
445 2821 478 2884 in
501 2819 627 2906 volgari
657 2843 717 2884 usu
744 2831 813 2884 erat
840 2824 957 2898 peiere,
989 2823 1022 2884 in
1053 2845 1117 2908 qua
1145 2848 1161 2884 r

58 2911 159 2982 littera
177 2919 321 2983 neniam
336 2929 452 3002 exstat,
475 2929 511 2984 ut
522 2921 618 2984 etiam
632 2921 666 2983 in
677 2923 781 3000 peiuri
802 2917 895 2997 (Aen.
910 2917 952 3002 H,
971 2925 1027 2986 195
1043 2919 1159 2988 Medic.

58 3015 156 3100 prima
176 3021 287 3096 manu)
310 3017 395 3105 quod
416 3017 560 3109 vocalem
583 3043 602 3079 a
623 3019 778 3084 intactam
805 3017 951 3084 ostendit.
1056 3057 1059 3063 -

558 3185 589 3264 ε.
614 3190 659 3249 n.

113 3311 196 3380 Sunt
217 3313 318 3380 multa
338 3315 498 3380 vooabrda
519 3314 553 3378 in
569 3313 716 3402 quibusr
734 3327 835 3380 antes
853 3316 933 3382 elisa
948 3327 1005 3383 est.
1040 3318 1158 3398 Quam·

54 3429 146 3492 quam
167 3411 232 3478 hoc
258 3435 299 3505 err
322 3437 469 3497 numero,
505 3437 577 3479 oum
606 3416 640 3478 in
667 3414 762 3500 longe
795 3417 943 3505 plurimis
970 3419 1034 3482 iam
1064 3429 1159 3484 antea

52 3521 182 3597 propter
195 3514 446 3578 contractionem
462 3513 623 3601 quandam
639 3515 760 3579 vocalis
778 3516 879 3580 fuerit
897 3516 995 3602 longa
1008 3519 1045 3595 Μ)
1060 3541 1159 3582 unum

52 3604 111 3672 huo
143 3612 299 3697 pertinet:
333 3611 506 3698 singularis
534 3612 591 3678 illa
623 3637 688 3679 vox
717 3637 800 3702 quac
829 3615 946 3702 legitur
984 3615 1072 3703 apud
1099 3616 1158 3681 Pa-

51 3725 179 3774 cumam

50 3857 255 3874 Ἠ

100 3958 141 4024 13)
158 3957 205 4011 Ad
222 3973 294 4029 quse
312 3957 418 4014 accedit
437 3959 512 4030 apud
528 3958 680 4014 Minucium
698 3961 818 4016 Felicem
837 3963 890 4031 (ed.
911 3963 1003 4018 Halm.
1025 3967 1100 4030 1867)
1117 3969 1158 4034 30,

48 4037 95 4091 20:
109 4042 278 4110 perierante.
1146 4049 1150 4058 ’

99 4125 140 4191 14)
159 4123 194 4180 V.
212 4142 236 4181 c.
252 4131 356 4198 prorsa
374 4143 406 4182 ex
425 4129 578 4203 *procerem
595 4133 690 4184 raram
708 4147 741 4184 ex
759 4133 901 4185 *reversos
920 4129 955 4184 al.
