3148 4958
492 1306 710 1405 CAPUT
737 1307 825 1404 ΙΙΙ.

111 1589 152 1636 uu
173 1589 442 1657 enuuonumcm,
464 1589 556 1654 ouen
575 1587 612 1636 m
636 1592 712 1652 ιων,
734 1593 811 1658 ιωνη
834 1575 940 1672 (ovo),
963 1588 1011 1658 οη
1033 1590 1220 1656 noemmin,

594 1685 735 1737 nemun.

185 1839 215 1918 θ.
240 1843 290 1906 59.
331 1835 447 1908 Tertia
458 1839 757 1925 patronymicorum
773 1837 878 1904 forma
892 1845 950 1920 est,
972 1859 1055 1926 quae
1077 1843 1222 1902 veterum

111 1937 391 2020 grammaticorum
418 1937 578 2002 sententia
599 1935 785 2003 'masculino
799 1939 822 2015 ¹)
849 1957 968 2022 genere
989 1939 1024 2002 in
1044 1959 1091 2000 ων
1097 1985 1106 2018 ,
1127 1936 1221 2000 femi·

112 2036 215 2114 nin0²)
251 2038 286 2101 in
321 2057 387 2122 ωνη
421 2045 493 2119 aut,
516 2059 588 2101 cum
621 2037 789 2123 primitive
821 2037 953 2122 impura
981 2043 1070 2117 sunt,
1104 2036 1139 2099 in
1170 2055 1222 2120 ινη

113 2133 231 2199 desinit.
273 2135 327 2201 De
348 2134 455 2200 voculi
475 2145 592 2219 autem,
613 2155 696 2222 quae
716 2155 763 2198 ων
782 2133 981 2200 masculinae
1002 2133 1222 2200 terminationi

113 2233 284 2318 antecedit,
312 2233 541 2321 Theoguostus
565 2237 600 2300 in
629 2233 774 2302 Gramen.
804 2233 916 2300 anecd.
944 2233 993 2318 11,
1021 2257 1053 2322 p.
1076 2241 1116 2302 27
1143 2233 1224 2299 haec

113 2335 331 2421 praescripsit:
361 2331 441 2410 „To
471 2326 521 2410 εἰς
537 2326 614 2397 ‘ton’
638 2329 880 2418 πατρωνυμικὰ
894 2327 951 2420 τὴν
960 2327 1218 2420 παραλήγουσαν

113 2429 162 2518 τὴν
187 2424 288 2520 αὐτὴν
315 2426 383 2512 ἔχει
408 2435 479 2512 τοῖς
504 2425 552 2510 εἰς
569 2425 661 2519 (ὄρς’
691 2433 961 2518 πατρωνυμικοῖς
986 2429 1044 2497 καὶ
1065 2426 1226 2522 φυλάττει

113 2527 145 2597 τὸ
167 2524 229 2597 ‘o'
254 2529 340 2596 κατὰ
373 2529 432 2619 τήν
461 2527 609 2618 γενικήν·
639 2518 714 2597 οἷον
742 2535 891 2615 Πριαμίς
912 2533 999 2611 (sicl)
1041 2525 1222 2616 Πριαμίων

114 2623 333 2714 Πριαμὶωνος,
360 2626 535 2720 Κρονίδης,
555 2625 716 2717 Κρονίων,
738 2626 939 2718 Κρονίωνος,
955 2621 1139 2718 Ἀτρείδης
1150 2623 1222 2696 ἰΑ-

113 2723 462 2815 νρείωνἈτροίωνος.“
503 2731 570 2799 Sed
588 2755 713 2816 vereor,
734 2755 776 2798 ne
795 2733 857 2797 hoc
879 2731 1226 2822 praeceptumdslsum

115 2832 158 2896 sit
198 2833 270 2898 Nec
305 2833 396 2897 enim
420 2831 525 2898 solnm
551 2831 735 2916 interdum,
767 2853 951 2922 quenquam
978 2832 1161 2916 rarissime,
1196 2851 1223 2892 ω

115 2929 237 2997 casibus
259 2929 399 3019 obliquis
419 2933 593 3020 coriipitur
613 2932 666 3009 (ol.
688 2933 724 2999 Ε.
738 2933 788 2997 M.
811 2955 835 2997 s.
863 2933 1019 3012 Κρονίων)
1040 2932 1123 2997 utin
1138 2931 1224 3009 Κρο-

115 3021 215 3106 νίονος
237 3029 354 3115 Ξ247,
377 3029 397 3093 λ
418 3037 488 3115 620,
512 3031 569 3097 sed
591 3033 689 3097 etiam
712 3030 754 3096 ab
772 3024 938 3116 Ἱππότης
955 3053 986 3095 v.
1007 3053 1035 3094 c.
1050 3021 1225 3104 et'‘Aotog

115 3131 335 3216 patronymica
363 3140 401 3196 ut
425 3121 620 3196 ‘Innocdov
647 3139 680 3196 ct
704 3122 863 3193 'Aosdwr
891 3129 1027 3194 formari
1053 3125 1226 3209 debebant,

116 3249 244 3314 quorum
266 3229 398 3317 quidem
419 3229 508 3295 nulla
529 3239 661 3296 exstant
683 3227 844 3317 exempla.-
886 3228 936 3293 Ac
958 3228 985 3292 si
1005 3225 1060 3291 nil
1088 3225 1152 3290 nisi
1180 3247 1227 3288 ων

41 3343 44 3350 ’
116 3329 292 3394 terminatio
309 3339 404 3413 esset,
425 3329 504 3418 quid
526 3331 589 3396 sibi
605 3329 703 3395 vellet
732 3352 745 3392 ι
775 3329 943 3394 informis
965 3315 1225 3404 ιιιἈκτορῖωνῖ

117 3423 193 3490 Nam
222 3427 256 3491 iu
282 3427 332 3492 his
362 3451 375 3491 ι
403 3430 489 3494 inter
514 3429 624 3495 themo
645 3420 796 3509 (Anco)
823 3437 855 3493 et
875 3427 1134 3492 terminationem
1155 3429 1226 3502 (ων)

117 3525 255 3591 vocalem
277 3527 499 3616 copulativam
518 3551 590 3595 esse
612 3537 748 3618 propter
773 3551 801 3592 ω
828 3527 965 3593 alteram
994 3524 1140 3592 vocalem
1168 3545 1251 3611 pa·-

117 3645 183 3690 rum
204 3625 359 3692 credibile
380 3637 438 3693 est.
481 3629 594 3715 Itaque
622 3649 680 3691 ιων
700 3650 761 3714 pro
782 3625 1008 3691 terminatione
1032 3622 1218 3689 habendum

118 3733 218 3790 estet
243 3726 397 3792 feminino
430 3749 549 3813 genere
584 3747 674 3812 ιωνη.
715 3728 855 3814 Jamque
890 3733 1045 3811 apparet,
1075 3744 1157 3808 quac
1184 3724 1227 3787 sit

123 3877 323 3888 -—·-——--—-

160 3921 206 4026 ¹1)
224 3955 280 4014 cn.
291 3955 410 4034 Dionys.
429 3959 496 4015 Thr.
517 3961 546 4014 in
563 3959 653 4018 Bekk.
673 3977 717 4016 an.
736 3979 764 4031 p.
782 3963 845 4029 634,
865 3963 914 4028 293
936 3955 1021 4012 schol
1042 3957 1102 4028 ejus
1120 3957 1138 4013 l.
1157 3957 1176 4013 l.
1194 3975 1222 4030 p.
1333 3995 1349 4054 Ἀ

120 4043 172 4112 no,
191 4045 230 4112 ιο,
241 4039 328 4099 usse.
347 4041 383 4113 n,
401 4047 426 4114 e,
445 4047 485 4099 35.
681 4088 682 4092 a

181 4129 208 4194 ν)
223 4125 279 4183 σοι·
296 4123 424 4184 nmen.
443 4148 470 4200 p.
488 4131 547 4198 oco,
568 4130 598 4184 n
618 4127 664 4195 (uf.
684 4129 779 4195 eso.)
