3088 4966
851 443 911 508 210
969 481 972 486 ,

330 620 475 710 spondeo
496 619 554 685 ubi
576 603 657 706 opus
680 629 774 704 esset,
797 620 1011 696 collocaretur
1027 611 1104 694 αἰεί,
1126 619 1190 684 hac
1204 641 1334 708 quoque
1355 621 1387 684 in
1405 641 1437 684 re

329 722 439 786 varias
470 727 581 784 nostra
614 727 719 782 aetate
754 721 834 784 artis
867 723 997 812 criticae
1031 719 1237 808 difficultates
1270 731 1436 784 moverunt

231 834 241 874 ί
328 829 454 884 veteres
475 817 695 904 grammatici,
716 821 771 906 qui
793 820 972 905 particulae
995 808 1049 880 olel
1068 817 1215 882 vocalem
1236 841 1258 880 α
1281 819 1323 884 ab
1344 818 1438 882 Athe-

328 917 494 984 niensibus
516 925 547 980 ct
569 913 705 1002 produci
728 928 759 981 et
781 921 901 1004 corripi
916 917 1064 994 tradunt,
1084 916 1136 982 vel
1151 919 1259 1002 potius
1275 940 1317 982 ex
1334 939 1440 982 eorum
1533 917 1534 990 f

257 1009 261 1020 ’
327 1017 519 1098 verborum,
549 1013 589 1078 de
614 1013 731 1098 quibus
756 1015 853 1098 modo
877 1017 1088 1098 disseruimus
1110 1018 1154 1097 (ἓ.
1176 1021 1208 1096 5)
1231 1015 1441 1082 similitudine

328 1117 509 1198 coniciunt3
519 1150 560 1160 -
582 1136 656 1176 nam
671 1115 742 1200 quis
761 1125 809 1180 est
819 1118 896 1203 quin
909 1139 950 1180 ex
963 1115 1096 1180 Orionis
1114 1113 1224 1180 verbis
1244 1136 1330 1200 quae
1346 1136 1441 1199 supra

329 1213 575 1300 exscripsimus:
610 1203 926 1297 ᾇναλογώτερον
959 1207 990 1276 oi
1017 1205 1164 1277 Ἀττικοὶ
1181 1204 1280 1288 ἀετός
1309 1207 1442 1293 λέγουσι
1480 1239 1483 1248 ·

326 1309 425 1395 χωρὶς
435 1315 492 1375 τοῦ
509 1303 599 1392 ἰῶτα,
612 1303 658 1386 ὡς
672 1305 778 1376 κλαίω
792 1303 895 1390 addar,
917 1324 948 1376 et
970 1336 1010 1378 ex
1022 1312 1188 1399 Apollonii
1201 1321 1394 1398 praecepto:
1406 1312 1445 1387 34)

328 1405 377 1474 ἔτι
401 1408 505 1474 ἐκεῖνο
534 1402 662 1494 ἀληθές
691 1405 794 1488 ἐστιν,
826 1405 872 1487 ὡς
901 1403 955 1474 ἀεὶ
982 1405 1191 1498 ἡὺττοστολὴ
1220 1411 1279 1472 τοῦ
1301 1422 1318 1471 ῑ
1339 1409 1445 1473 δευτε-

330 1504 483 1592 ρεύοντος
503 1511 562 1572 τοῦ
584 1502 771 1595 φωνήεντος
791 1503 924 1573 ἔκτασιν
946 1510 1095 1573 ποιεῖται
1114 1511 1173 1572 τοῦ
1196 1518 1233 1571 ᾶ·
1256 1503 1363 1584 οὕτως
1381 1502 1446 1586 diora
1533 1535 1534 1582 ὴ

328 1606 385 1672 καὶ
406 1606 445 1671 τὸ
467 1600 696 1690 ἰθαγενέεσσιν
720 1601 869 1690 ε’τίμα35)
898 1605 992 1696 παρὰ
1014 1606 1052 1672 τὸ
1075 1602 1217 1684 idcirco,
1252 1603 1360 1683 οὕτως
1381 1602 1447 1686 ἔχει

328 1705 443 1771 καὶτὸ
466 1699 536 1770 cisi·
557 1704 601 1770 ad
624 1703 697 1790 γὰρ
721 1699 1033 1791 ἆναλογώτερον
1055 1703 1289 1790 ἒνμακρῷτῷ
1312 1708 1345 1782 ἆ,
1373 1729 1447 1772 con·

330 1807 441 1872 cludat
467 1808 532 1870 iam
560 1807 645 1870 inter
671 1815 796 1871 veteres
831 1805 871 1871 de
891 1807 1015 1872 vocalis
1039 1829 1060 1868 α
1083 1805 1447 1871 mensura'dubitatum
1533 1857 1534 1866 ,

331 1927 409 1982 esse,
434 1904 613 1970 obtinuisse
634 1915 742 1970 tamen
771 1927 826 1969 eos
849 1908 904 1988 qui
926 1929 999 1970 cum
1019 1909 1053 1970 in
1073 1905 1176 1971 verbo
1197 1897 1290 1968 κλᾶω
1313 1902 1447 1992 longam

328 2005 478 2069 viderent
506 2004 653 2070 vocalem
684 2025 819 2090 cumque
850 1997 1011 2090 ἰθαγενής
1043 2027 1084 2070 ex
1115 1996 1306 2090 ἰθαι-γενής
1340 2015 1446 2070 ortum

330 2127 401 2170 esse
432 2103 494 2168 sibi
522 2104 777 2190 persuasissent,
813 2105 847 2167 in
870 2095 924 2167 ost
951 2127 1079 2192 quoque
1105 2105 1240 2168 eiectam
1261 2103 1411 2170 vocalem
1436 2115 1451 2162 ι·

232 2219 234 2225 “
330 2204 475 2268 effecisse
495 2201 742 2289 productionem
760 2201 992 2289 suppletorium
1012 2201 1212 2268 statuerent?
1239 2202 1285 2266 At
1297 2213 1372 2267 utut
1387 2203 1447 2267 hoc
1533 2267 1534 2274 ,

330 2313 387 2383 est,
410 2303 517 2388 ipsam
539 2323 608 2366 rem
629 2311 717 2365 recte
739 2303 940 2387 significasse
961 2304 1243 2387 grammaticos-
1262 2302 1349 2387 quod
1372 2301 1447 2366 olim
1533 2293 1534 2312 ¹

329 2401 538 2465 Hermannus
560 2402 672 2488 utique
693 2399 906 2486 negabam),
937 2401 1054 2465 deinde
1075 2402 1146 2486 ipse
1170 2399 1332 2464 concessit
1342 2401 1384 2478 3Ἰ)
1410 2436 1446 2446 —

333 2509 429 2564 etex
449 2497 680 2584 Aristophanis
699 2499 784 2563 libro
805 2499 1006 2582 Rauennate,
1030 2501 1085 2585 qui
1108 2521 1212 2584 paene
1235 2519 1365 2584 semper
1388 2521 1447 2584 pro

331 2597 460 2683 volgari
482 2599 647 2683 scriptura
675 2589 744 2660 αἰεί
770 2597 870 2663 habet
892 2591 960 2675 ἀεί,
993 2611 1024 2662 et
1051 2621 1093 2662 ex
1115 2597 1287 2661 adiectivis
1307 2590 1446 2672 ’ἇίδιος,

331 2689 466 2770 ’ᾶέναος
491 2697 726 2782 cognoscimus.
755 2699 967 2786 Quapropter
987 2695 1152 2762 Porsonus
1175 2698 1282 2782 etqui
1305 2713 1378 2760 eum
1403 2719 1448 2760 se·

331 2797 506 2876 caticum,
537 2817 609 2860 cum
637 2790 759 2871 κλαίω,
791 2791 876 2860 καίω
906 2807 959 2862 ctt.
982 2797 1079 2861 etiam
1107 2794 1301 2880 particulam
1330 2789 1401 2858 αἰεί
1430 2818 1446 2858 e

290 2916 301 2925 ’·
330 2894 509 2980 tragoediis
532 2893 669 2959 Graecis
696 2905 913 2962 removerunt.
957 2895 1001 2958 At
1028 2897 1199 2958 siverum
1226 2904 1275 2958 est
1296 2931 1339 2941 ·-
1361 2893 1445 2982 quod

326 2997 363 3060 in
383 2996 445 3059 hac
469 2995 597 3082 quidem
618 3015 699 3058 voce
722 2995 865 3059 dubitari
888 2995 1016 3076 omnin-o
1034 2993 1159 3080 nequit,
1181 3030 1222 3040 —
1244 2985 1314 3055 αἰεί
1333 2995 1368 3058 in
1390 3017 1445 3058 an-

328 3091 524 3180 tiquioribus
561 3091 677 3156 litteris
715 3093 835 3158 Atticis
875 3095 1012 3158 formam
1048 3093 1148 3156 finisse
1180 3094 1351 3172 usitatam,
1394 3089 1443 3157 eass

288 3239 291 3244 -
330 3193 404 3256 dem
427 3213 509 3278 quae
532 3189 770 3277 disputavimus
792 3193 832 3257 de
858 3191 1024 3258 vocabulis
1047 3185 1151 3266 ναίω,
1184 3183 1307 3267 κλαίω,
1333 3185 1442 3266 ἐλαία,

329 3291 392 3356 huc
417 3291 595 3376 pertinent:
629 3301 741 3376 poetas
764 3294 913 3378 'tragicos
942 3314 983 3356 ex
1009 3291 1180 3354 universae
1204 3293 1313 3376 poesis
1335 3291 1443 3378 paullo

331 3390 474 3454 elatioris
495 3390 636 3466 more³⁸l
659 3393 886 3476 prospondeo
909 3411 1084 3475 usurpasse
1107 3391 1442 3480 antiquioremgran·

331 3489 454 3554 diorem
494 3489 634 3552 sormam
670 3480 754 3564 ulei,
796 3511 856 3575 pro
884 3485 993 3552 iambo
1030 3480 1092 3554 ἀεί,
1147 3487 1244 3567 Quod
1277 3489 1305 3551 si
1338 3489 1439 3554 consi·
1533 3535 1534 3570 3

331 3588 498 3652 deraveris
536 3586 706 3650 dimidiam
732 3590 800 3652 fere
829 3598 956 3674 partem
989 3607 1100 3652 corum
1135 3586 1360 3673 exemplorum
1389 3587 1440 3650 ubi

326 3835 330 3840 Ι
381 3769 424 3832 34)
443 3766 477 3820 de
496 3765 608 3820 adverb.
627 3784 654 3836 p.
671 3769 720 3822 600
739 3767 828 3822 Bekk.

382 3851 424 3917 35)
444 3847 494 3904 Od.
514 3853 537 3910 ξ.
555 3851 614 3906 203;
632 3879 666 3888 -
679 3852 728 3918 ’36)
746 3849 839 3905 Praei.
857 3849 893 3903 ad
909 3851 978 3905 Hec.
997 3868 1023 3922 p.
1043 3853 1074 3904 22
1094 3867 1154 3920 sqq.

379 3935 422 4001 37)
439 3932 530 3987 Praef.
549 3931 585 3986 ad
601 3931 684 3988 Herc.
703 3933 756 3988 fur.
774 3925 810 4005 ps
821 3939 836 3990 3
847 3951 888 4006 sq.

382 4019 424 4084 38)
443 4017 585 4088 Nusquam
609 4017 683 4086 apud
702 4017 853 4071 Pindarum
872 4019 900 4071 et
918 4022 1022 4072 ceteros
1041 4021 1136 4088 poetas
1162 4015 1209 4070 ἀεί
1225 4015 1335 4070 obtinet
1352 4015 1436 4068 locum

329 4099 451 4168 spondei.
773 4104 775 4108 '
