3008 4968
569 427 627 489 221

59 607 92 670 de
109 629 165 670 usu
192 604 352 671 Herodoti
379 607 458 670 satis
487 615 622 670 constat.
665 603 765 693 Apud
791 605 1024 691 Anaxagoram
1051 614 1157 670 autem

58 713 188 770 exstant:
210 711 229 771 6
252 699 502 790 περιχωρήσιος,
534 712 570 772 to
593 699 733 788 πόλιας,
755 705 894 792 Diogen.
919 713 947 772 4.
970 711 989 772 6
1015 699 1155 788 volutor,

57 797 252 884 ἑτεροιιὺοιες,
278 795 500 886 ἓτεροιιόσιος,
523 797 741 885 ἓτεροιωσίων
769 805 925 870 Heraclit.
955 810 990 872 13
1012 799 1158 886 puniceos.

57 903 220 968 Democrit.
243 901 356 968 moral.
380 913 418 972 14
441 896 600 990 φρονήοι,
639 909 675 970 17
696 901 846 991 τέρψιες,
884 911 923 971 211
944 897 1095 988 τέρψιος,
1118 911 1154 970 41

57 995 183 1086 κτήσιος,
208 1008 247 1069 58
269 997 424 1080 ξυνέσιος,
443 1007 492 1071 88.
517 1008 573 1068 105
597 997 746 1088 πρήξιος,
771 1009 811 1071 89
834 997 980 1088 πρήξιος,
1008 1009 1063 1068 135
1085 1001 1158 1080 ξυν-

57 1095 108 1176 έσι,
142 1109 194 1170 181
220 1094 360 1166 πολίων.
388 1100 514 1189 physic.
541 1111 551 1167 1
575 1096 767 1190 dulcimium,
797 1125 963 1189 perpauca
992 1111 1158 1166 tantuma

56 1199 185 1264 librariis
219 1210 375 1287 corrupta
406 1211 490 1267 sunt.
543 1201 667 1267 Eodem
698 1203 793 1268 modo
826 1201 1046 1288 Hippocrates
1084 1223 1158 1265 con·

57 1310 166 1364 stanter
192 1302 260 1365 iota
287 1300 437 1387 praebet:
466 1300 595 1366 dativus
623 1301 812 1388 singularis,
839 1311 875 1366 ut
897 1299 1079 1388 exemplum
1103 1299 1157 1364 eli·
1223 1323 1227 1330 ·

56 1421 136 1482 gam,
162 1401 292 1464 circiter
313 1401 448 1486 triginta
472 1399 551 1466 locis
572 1403 749 1487 reperitur,
771 1399 870 1464 veluti
891 1399 982 1464 AAL
1008 1403 1045 1466 19
1067 1394 1157 1483 φύσι.

56 1503 88 1563 11
111 1490 205 1564 Φάσι.
249 1497 372 1564 VA10
399 1492 510 1586 ἓψήοι.
553 1491 1158 1580 0156811111,578ὑιιοοιάοι.
1250 1529 1252 1534 ·
1366 1453 1374 1466 1

56 1597 155 1684 ltaque
179 1597 378 1662 confidenter
406 1599 502 1663 credo
533 1602 631 1664 etiam
661 1599 750 1686 apud
771 1597 1025 1684 iambographos
1052 1597 1157 1663 nullas

56 1695 126 1760 alias
147 1697 268 1761 formas
289 1700 324 1762 in
344 1721 405 1763 usu
425 1700 533 1778 fuisse,
555 1699 641 1764 unde
664 1699 811 1780 efficitur,
831 1707 866 1762 ut
886 1701 918 1762 in
945 1699 1157 1784 suspitionem

56 1795 210 1860 vocandae
234 1797 298 1860 sint
317 1798 441 1862 formae
461 1791 662 1864 udone-Sim.
685 1805 717 1876 7,
741 1805 793 1876 86,
816 1789 947 1870 πόλεως
969 1795 1053 1862 Xen.
1075 1805 1115 1862 tr.
1138 1803 1157 1863 9

54 1895 79 1958 in
108 1895 212 1959 verbis
243 1890 307 1976 ἐγὼ
336 1887 369 1957 d’
392 1889 532 1976 ἐμαυτὸν
562 1891 663 1962 πόλιν
689 1892 725 1959 ἐκ
753 1889 885 1969 πόλεως
918 1889 1032 1982 φέρων
1059 1889 1181 1980 illl,
1235 1933 1237 1942 =
1338 1899 1341 1908 “

55 1997 170 2074 mpiger
197 2017 280 2079 quae
310 1997 439 2062 omnino
467 2005 534 2061 tam
562 2007 715 2084 corrupta
738 2007 828 2071 sunt,
854 2003 890 2058 ut
922 1993 963 2058 de
992 1996 1038 2058 eis
1060 1995 1158 2065 resti·

55 2093 172 2157 tuendis
205 2094 429 2180 desperemus3
470 2118 512 2160 ex
545 2097 738 2162 coniecturis
771 2093 902 2181 quidem
934 2113 1017 2178 quae
1051 2093 1157 2158 adhuc

56 2191 192 2276 prolatae
215 2201 299 2270 sunt,
316 2192 437 2257 nullam
454 2195 595 2282 probare
611 2217 760 2282 possum3
783 2193 945 2278 Bergkius
967 2194 1051 2256 enim
1079 2189 1156 2277 βλη-

58 2286 221 2376 στριζόμην
248 2303 282 2357 et
303 2292 567 2360 Schneidewinus
599 2287 727 2380 πόληος
757 2295 866 2380 epicas
888 2292 1008 2356 formas
1040 2289 1157 2355 iambis

57 2389 154 2455 invitis
184 2391 379 2476 obtrudunt,
410 2396 508 2458 ceteri
530 2401 637 2458 autem
664 2395 766 2460 nimia
795 2390 929 2456 libidine
950 2412 1019 2454 rem
1041 2397 1157 2455 tracta-

57 2499 127 2556 runt.
169 2491 326 2556 Fortasse
355 2502 391 2557 ut
412 2495 517 2557 visum
550 2503 598 2558 est
618 2491 783 2558 Meinckio
814 2490 891 2565 (vid.
924 2489 1056 2576 Bergk.)
1088 2499 1157 2554 tota

57 2590 147 2655 verba
167 2589 274 2656 aliena
295 2589 446 2657 habenda
469 2603 542 2657 sunt
564 2616 583 2657 a
604 2592 818 2680 Xenophanis
841 2590 942 2676 poesi.

107 2689 187 2755 Cum
224 2689 276 2754 his
313 2689 457 2780 elegiaci¹
483 2691 614 2757 Ionicae
650 2693 761 2779 stirpis
796 2711 929 2776 prorsus
973 2689 1155 2754 concinunt.

57 2787 190 2877 Namque
214 2809 297 2876 quae
318 2791 440 2855 tradita
462 2801 535 2856 sunt
557 2791 668 2856 dativi'
681 2790 832 2876 exempla
854 2791 888 2852 in
909 2810 957 2870 ει,
981 2810 1078 2851 11111
1101 2809 1154 2873 ge-

56 2890 143 2954 netivi
169 2890 203 2955 in
226 2893 467 2974 engerrannus,
491 2893 604 2977 spuria
633 2913 764 2967 censeo,
795 2910 868 2952 cum
898 2889 995 2951 etiam
1026 2885 1068 2950 ab
1089 2884 1155 2950 Ho-

56 2989 126 3051 meri
147 3010 236 3054 more
258 2987 461 3054 abhorreant.
504 2991 536 3055 Is
559 2991 645 3054 enim
668 2987 857 3069 (secundum
879 2985 1025 3050 Bekkeri
1046 3006 1154 3050 recen·

56 3085 212 3168 sionem21)
233 3095 358 3152 tantum
374 3109 429 3164 εος
442 3091 546 3154 forma
561 3111 620 3177 pro
636 3111 688 3165 ιος
709 3091 818 3169 utitur,
833 3084 888 3150 ubi
910 3085 1051 3172 synizcsi
1073 3107 1155 3170 opus

56 3194 104 3265 est,
124 3186 227 3251 forma
250 3185 283 3248 εἳ
302 3195 410 3252 autem
430 3191 463 3252 in
484 3187 584 3272 thesi,
605 3212 677 3254 cum
700 3187 822 3276 duplex
844 3206 878 3247 ιι
901 3183 1090 3248 abhorreret
1112 3181 1154 3246 ab

55 3283 175 3349 auribus
199 3283 326 3350 Graece
347 3285 563 3374 loquentium,
591 3289 639 3353 ita
669 3298 704 3353 ut
723 3287 775 3354 vel
797 3289 830 3352 in
858 3305 957 3350 unum
979 3283 1047 3346 iota
1067 3281 1155 3366 apud
1243 3343 1244 3348 ,

55 3379 141 3448 lonas
171 3383 385 3468 coalesceret,
418 3387 556 3476 denique
587 3399 773 3454 constanter
803 3387 908 3453 forma
939 3405 989 3450 εσι
1018 3409 1077 3474 pro
1107 3401 1153 3449 ισι

55 3493 171 3564 praeter
194 3503 281 3546 ιεσσι
304 3507 344 3548 ex
367 3485 474 3567 simili,
494 3496 530 3552 ut
551 3488 688 3567 videtur,
706 3487 886 3573 euphoniae
899 3487 922 3566 ³)
946 3487 1027 3574 lege.
1146 3505 1148 3512 ’

107 3580 214 3668 Neque
237 3583 325 3669 apud
347 3584 525 3670 Tyrtaeum
549 3585 581 3652 et
596 3586 818 3673 Theognidem
840 3587 903 3675 nisi
926 3609 1049 3674 paucas
1072 3587 1154 3650 eius·

54 3746 249 3761 ···----.-

113 3847 139 3914 2)
153 3843 289 3918 Krueger‚
309 3843 431 3904 Gramm.
449 3867 491 3921 gr.
508 3847 544 3919 11,
566 3857 587 3916 ς.
608 3855 647 3920 18,
667 3842 705 3906 5(

114 3931 139 3994 3)
154 3929 199 3983 Ad
225 3927 313 3984 hano‘
327 3933 494 3988 sententiam
525 3933 741 3988 confirmandam
770 3951 951 3989 commemoro
979 3929 1097 3986 Aeolum
1125 3935 1154 3984 et

55 4001 151 4066 Dorum
167 4029 257 4080 usum,
282 4014 330 4085 qni
346 4016 462 4088 antiquo
479 4018 590 4089 quidem
607 4023 730 4089 tempore
748 4035 823 4073 ιεσσι
841 4017 983 4086 dicebant,
1001 4017 1153 4070 recentiore

57 4109 92 4144 ισι
109 4092 223 4166 (Dones),
242 4115 385 4170 nunquam
402 4106 434 4156 ut
451 4102 559 4156 videtur
576 4120 624 4158 ισι.
