3056 4968
859 479 918 544 ¹74

394 657 498 721 Porro
517 656 783 736 praesentius
811 667 899 723 recte
921 660 1102 746 composuit
1129 681 1201 723 cum
1220 667 1336 739 planca
1354 665 1437 740 plan·

334 779 395 835 cas,
418 755 476 824 Gr.
499 751 596 835 πλάξ,
621 751 798 839 ultimos,
827 761 874 822 ita
895 769 930 821 ut
951 757 1146 843 gutturalem
1169 761 1358 845 primitivae
1380 759 1437 824 for-

334 877 405 919 mae
426 857 594 942 propriam
616 855 716 921 fuisse
738 877 798 943 pro
817 857 907 922 herto
926 855 1113 922 habeamus.

389 959 495 1041 ‘quina
525 959 682 1037 quinarias
705 977 723 1020 e
744 956 893 1037 *quirent
912 956 1130 1037 *quincnarius
1157 957 1210 1024 (cf.
1234 955 1292 1023 Gr.
1320 953 1439 1039 πέμπε,

331 1049 451 1131 πέντε).

395 1153 543 1241 Denique
567 1153 680 1218 similis
701 1153 880 1218 litterarum
901 1154 985 1218 ratio
1007 1155 1108 1218 estin
1129 1153 1231 1219 verbo

392 1277 489 1316 vanus
511 1252 549 1320 cl
572 1252 700 1334 adesos,
728 1251 914 1339 dequibus
933 1275 998 1316 non
1027 1275 1108 1340 opus
1137 1265 1185 1320 est
1214 1263 1250 1318 ut
1279 1256 1440 1342 copiosius

333 1352 490 1418 dicamus.

838 1520 867 1598 ξ.
891 1521 941 1584 31.

393 1649 442 1712 Ne
463 1651 535 1736 quis
554 1671 575 1729 9
597 1671 786 1732 consonam,
813 1651 841 1715 si
861 1651 904 1714 sit
924 1651 959 1713 in
981 1650 1093 1735 stirpis
1119 1658 1264 1714 extremo
1293 1649 1369 1715 loco
1391 1673 1442 1736 po·

331 1749 394 1812 sita
418 1757 492 1812 ante
517 1769 692 1814 consonam
719 1773 746 1810 m
775 1741 964 1814 necessario‘
988 1760 1023 1814 ut
1045 1773 1060 1809 c
1087 1747 1216 1812 extrudi
1243 1757 1339 1835 putet
1366 1749 1443 1813 haec

332 1845 478 1911 obstant:
495 1856 712 1930 srapmentum,
735 1861 938 1930 uapmentam,
963 1861 1086 1931 tapsum,
1108 1871 1238 1930 sepmea,
1267 1851 1333 1913 nisi
1359 1848 1442 1934 quod

274 1995 277 2000 Α
330 1951 363 2010 in
385 1946 446 2010 hoc
463 1947 571 2012 media
593 1949 626 2011 in
646 1950 751 2012 tenuis
772 1947 876 2012 locum
900 1949 1063 2013 successit.

391 2045 544 2109 Attamen
567 2048 694 2110 etiamsi
726 2049 759 2110 in
785 2047 835 2110 his
864 2069 1044 2128 consonap
1067 2055 1197 2111 servata
1219 2055 1282 2128 est,
1312 2047 1349 2110 in
1373 2047 1435 2134 qui-

329 2143 468 2210 busdam
509 2147 615 2232 potuit
649 2169 687 2211 ea
726 2168 940 2211 consonarum
979 2148 1161 2212 coniunctio
1197 2144 1374 2232 displicere
1410 2155 1437 2208 et

328 2245 435 2308 vitari.
446 2244 487 2322 ²²)
526 2243 672 2310 Primum
694 2245 775 2310 haec
805 2256 879 2311 sunt
900 2245 1055 2329 dicenda,
1085 2267 1167 2333 quae
1195 2253 1269 2310 sunt
1296 2247 1438 2308 maxime

327 2345 361 2406 in
381 2342 453 2408 luce
475 2344 595 2430 posita:
720 2345 722 2348 ’

390 2465 512 2504 examen
535 2440 707 2508 deductum
735 2443 844 2509 arad.
868 2468 907 2524 ay
930 2449 1043 2525 (apere)
1067 2453 1103 2506 ut
1124 2465 1245 2523 cymen,
1276 2443 1310 2505 in
1341 2465 1438 2530 quoy
1513 2443 1514 2462 ¹

329 2551 458 2606 servata
485 2551 550 2623 est3
582 2543 700 2621 itemy
730 2542 900 2630 aliquoties
930 2543 1048 2628 legitur
1075 2543 1108 2604 in
1137 2539 1284 2605 Mediceo
1313 2541 1437 2627 Vergili

329 2640 398 2706 cod.
421 2641 529 2727 prima
542 2643 824 2727 manuscriptam
846 2647 1007 2721 eoeaqmine.
1037 2639 1091 2704 Ex
1112 2639 1174 2705 hac
1197 2643 1323 2727 origine
1345 2639 1437 2706 facile

327 2738 525 2824 intellegitur
545 2741 733 2825 primariam
756 2741 918 2805 notionem
940 2740 1039 2804 fuisse
1061 2738 1214 2825 exigendi
1235 2763 1256 2804 a
1278 2762 1343 2826 qua
1365 2761 1436 2825 quo·

327 2838 422 2904 modo
445 2837 589 2925 reliquae
608 2839 861 2924 significationes
883 2840 1131 2925 proficiscantur
1151 2839 1363 2904 manifestum
1382 2849 1436 2904 est.

367 2931 528 3002 'Prorsus
549 2937 685 3002 eandem
709 2940 867 3003 rationem
889 2938 1021 3003 exhibet

389 3041 544 3120 subtemen,
575 3041 666 3103 cuius
694 3040 728 3102 iu
752 3037 891 3126 simplici
912 3037 1016 3102 forma
1037 3043 1172 3118 (reymeri)
1197 3061 1219 3118 q
1245 3037 1435 3124 relinquitur

299 3341 300 3345 ,
376 3290 419 3354 22)
442 3287 558 3342 Prorsus
581 3290 673 3340 autem
695 3284 840 3356 displicere
860 3304 905 3356 pm
927 3287 1086 3356 recentiore
1102 3285 1220 3340 Latinae
1241 3283 1357 3356 linguae
1373 3289 1434 3337 tem·

325 3388 391 3442 pore
415 3370 670 3426 Schuchardtus
696 3367 854 3437 (Vocalism.
880 3369 902 3438 1,
929 3372 985 3438 146)
1012 3369 1149 3440 probavit.
1189 3367 1234 3422 Sic
1260 3367 1290 3420 in
1313 3367 1431 3422 Mediceo

325 3453 465 3508 Aeneidos
488 3453 547 3508 cod‘.
574 3453 706 3522 scriptum
736 3457 789 3520 est,
817 3458 849 3506 ut
869 3453 1064 3524 Wagnerus
1093 3453 1223 3523 (orthogr.
1245 3451 1364 3523 Vergil.)
1387 3467 1433 3504 nos
1509 3503 1510 3506 ,

326 3539 423 3591 edocet
439 3556 516 3592 amen
536 3553 586 3608 pro
604 3553 698 3607 cymen
711 3535 746 3606 V,
760 3540 818 3605 602,
837 3537 886 3590 ubi
903 3537 991 3607 prima
1003 3535 1112 3606 syllaba
1128 3537 1188 3590 sine
1205 3535 1291 3590 dubio
1303 3536 1432 3607 products

326 3628 375 3677 est.
412 3621 577 3691 Quanquam
596 3621 755 3692 Wagnerus
773 3620 846 3674 hanc
863 3621 1027 3674 seutentiam
1046 3620 1163 3690 profert,
1189 3635 1223 3672 ex
1243 3635 1279 3672 aa
1302 3619 1431 3689 scriptura

325 3705 510 3776 colligendum
528 3721 600 3771 csse,
625 3703 795 3758 Christianos
819 3703 903 3758 fuisse
921 3705 1058 3772 homiues,
1077 3706 1125 3774 qui
1140 3703 1298 3758 Mediceum
1316 3704 1429 3757 codicem

324 3789 513 3858 exoraverint3
537 3788 681 3842 verisimile
699 3788 785 3858 igitur
801 3787 859 3842 viro
878 3787 912 3841 cl.
929 3787 1052 3855 videtur,
1077 3787 1235 3842 memoriam
1252 3787 1303 3842 illa
1319 3787 1429 3842 lectione
1508 3779 1509 3806 ¹

325 3871 437 3926 allatam
454 3869 538 3926 fuine
556 3873 614 3926 eius
632 3871 719 3939 vocis,
743 3887 814 3940 quae
832 3870 861 3922 in
877 3869 933 3924 fine
951 3870 1102 3926 carminum
1120 3887 1260 3926 sacrorum
1277 3875 1426 3941 poneretur.

324 3953 363 4008 At
380 3955 408 4008 in
435 3971 553 4010 errorem
581 3955 708 4012 incidisse
726 3953 898 4024 Wagnerum
917 3953 983 4006 mihi
1006 3970 1167 4023 persuasum
1189 3959 1245 4021 θεῖς
1276 3972 1340 4008 cum
1356 3953 1427 4008 libra·

325 4038 394 4090 rium
411 4039 611 4108 pronuntiandi
634 4038 861 4094 consuetudinem
885 4038 1031 4092 scribendo
1053 4038 1188 4092 imitatum
1211 4055 1272 4094 essa
1296 4038 1381 4092 multo
1396 4035 1426 4088 sit

323 4120 501 4190 probabilius.
1205 4143 1213 4153 ·
