3034 4964
679 437 698 498 t

123 691 125 698 y
182 611 226 677 ld
248 612 421 698 quodiam
443 635 542 700 saepe
564 615 673 678 monui
695 637 854 702 nusquam
870 615 1094 701 Theognidem
1116 620 1150 686 in
1172 643 1247 704 pro-

106 712 255 777 nomine
282 712 439 777 Doricum
470 735 621 778 servasse
650 711 804 798 colorem,
839 737 925 780 nunc
961 713 1024 780 alio
1054 727 1246 803 argumento
1355 775 1360 784 .

104 809 345 876 illustraturus
374 834 453 878 sum.
503 814 643 880 Frustra
669 814 754 878 enim
781 815 911 899 quaeris
942 816 1109 899 genetivus
1137 818 1245 904 singu-

103 911 209 976 lares
233 929 255 973 o
268 933 410 977 consona
431 914 630 993 terminatos,
652 921 687 978 ut
709 906 815 992 ἑμεῦς,
839 921 871 977 et
892 911 1019 978 dativos
1034 923 1069 979 ut
1084 909 1167 995 ἐμίν,
1184 909 1242 984 τίν.

105 1007 232 1089 Quam
262 1009 487 1077 formationem
521 1034 594 1076 cum
623 1031 665 1076 ne
692 1010 856 1076 Homerus
888 1009 1019 1100 quidem
1050 1023 1243 1101 aspernatus
1354 1059 1357 1064 -

103 1109 156 1174 sit
189 1145 235 1156 -
266 1107 344 1173 dicit
371 1112 456 1176 enim
484 1106 554 1174 τσΐν
581 1147 623 1158 -
653 1097 821 1199 reliquerit
848 1111 991 1176 Doricus
1022 1121 1136 1198 poeta,
1164 1115 1244 1180 mihi

102 1207 239 1290 crede,
268 1207 342 1273 huic
363 1230 435 1272 eam
457 1231 479 1273 a
497 1231 603 1275 novae
631 1211 741 1296 potsis
769 1210 899 1295 ingenio
928 1211 1026 1275 nimis
1048 1211 1188 1277 alienam
1212 1221 1244 1278 et

102 1305 306 1372 obsoletam
327 1307 432 1372 visam
454 1329 536 1374 esse.

180 1411 216 1482 2)
239 1405 301 1470 De
321 1408 561 1493 pronomine
587 1405 806 1474 reflexivo.

178 1505 370 1570 Pronomen
397 1505 589 1572 reflexivum
618 1508 833 1594 compositum
862 1507 988 1573 duobus
1018 1507 1242 1574 tantummodo

97 1606 202 1672 locis
225 1605 397 1690 reperitur,
416 1604 514 1692 idque
537 1604 580 1670 ad
596 1603 740 1670 Atticam
755 1628 902 1672 normam
919 1609 1109 1672 formatum:
1130 1607 1241 1672 Mimn.

102 1713 134 1786 7,
164 1711 210 1772 3:
241 1697 296 1788 τὴν
316 1706 437 1766 σαυτοῦ
470 1697 575 1786 φρένα
594 1699 704 1787 τέρπε.
750 1703 833 1772 Xen.
858 1715 897 1772 tr.
920 1711 954 1770 9:
985 1701 1049 1787 ἑνῶ
1081 1697 1114 1768 ‹l'
1138 1703 1240 1787 ἐμαυ-

97 1800 172 1868 τὸν
201 1797 241 1865 ἑκ
261 1796 393 1879 πόλεως
413 1796 516 1866 πόλιν
537 1797 647 1890 φέρων
663 1803 675 1888 ΙΙ
690 1799 933 1888 βληστριζόμην
952 1811 1026 1883 (scr.
1048 1805 1182 1891 Bergk.)

174 1900 227 1967 At
254 1910 421 1990 utramque
448 1902 587 1968 formam
615 1904 649 1967 in
677 1904 890 1990 suspitionem
925 1925 1078 1969 vocemus
1104 1925 1238 1969 necesse

97 2013 177 2086 est,
214 2001 369 2088 quoniam
391 2001 480 2088 apud
503 2001 682 2068 Homerum
704 2002 766 2067 hoo
787 2023 967 2090 pronomen
987 2001 1131 2066 nondum
1153 2025 1238 2068 com-

97 2103 263 2192 positum
285 2101 464 2183 invenitur,
492 2101 587 2166 Iones
609 2121 687 2166 vero
713 2103 909 2167 recentiores
932 2101 1090 2189 peculiari
1112 2102 1239 2166 ratione

99 2199 286 2288 singulas
307 2207 418 2286 partes
453 2201 537 2264 inter
572 2222 608 2264 se
647 2201 861 2287 coniungunt:
895 2195 1061 2281 ἐμεωυτοῦ
1094 2209 1153 2265 ctc.
1192 2199 1239 2264 di-

97 2309 241 2369 eentes.
1292 2379 1293 2384 ἵ

177 2398 388 2485 Scriptorum
410 2399 570 2464 minorum
593 2397 709 2485 collegi
731 2399 824 2464 haec:
846 2397 1034 2485 Anaxagor.
1059 2407 1093 2468 6:
1118 2393 1240 2462 ἑωυτοῦ

98 2502 205 2580 (bis).
232 2503 280 2565 16.
308 2533 349 2546 -
381 2503 417 2563 15
446 2489 560 2563 ἑωυτό.
603 2497 759 2564 Heraclit.
784 2505 838 2566 96:
870 2491 1029 2564 ἑωυτοῖσι.
1055 2504 1094 2566 93
1117 2490 1236 2582 ἑωυτῷ.

99 2608 144 2670 57
174 2589 319 2660 ἑωυτῶν.
361 2596 539 2662 Democrit.
570 2597 683 2664 moral.
711 2603 751 2666 30
778 2591 902 2662 ἑωυτόν
928 2603 977 2664 20.
1021 2603 1078 2664 84:
1107 2592 1239 2662 ἑωυτοῦ.

99 2707 145 2768 46
174 2689 335 2760 ἑωυτοῖσι
357 2699 396 2762 98
416 2689 570 2772 σεωυτόν,
593 2696 645 2762 vel
660 2697 866 2762 Parmenidis
895 2705 965 2763 117:
992 2692 1133 2780 ἑωυτοῦ;
1156 2696 1238 2784 Hip·

98 2795 267 2888 pocratis
288 2793 379 2860 AAL
401 2802 434 2860 1:
457 2789 587 2858 ἑωυτῶν
610 2805 670 2862 etc.
703 2795 762 2863 OV
781 2804 810 2863 2.
833 2803 866 2864 3:
888 2789 999 2880 ἑωυτῷ
1020 2825 1062 2848 =
1086 2800 1133 2861 12.
1155 2831 1197 2880 7·
1219 2801 1238 2860 7

100 2891 258 2968 ἑωυτοῦ,
283 2898 302 2959 9
323 2885 453 2980 ἑωυτήν,
479 2888 608 2981 ἑωυτῆς,
630 2889 760 2958 ἑωυτῶν
781 2906 841 2962 etc.
877 2894 1052 2961 Librorum
1073 2895 1238 2980 scriptura

99 2994 330 3063 confirmatur
350 2991 461 3080 lapide
488 3001 570 3058 teste
596 2994 799 3060 firmissimo:
831 2994 951 3082 Mycal.
975 2997 1072 3076 2909,
1106 2991 1163 3056 ubi
1185 3013 1238 3054 su-

101 3102 230 3186 perest
251 3090 271 3156 l.
295 3095 313 3156 4
341 3091 412 3168 τοῖς
434 3085 571 3176 tomos,
604 3093 691 3181 quod
711 3093 896 3158 Boeckhius
927 3101 1015 3158 recte
1042 3090 1180 3154 mutavit
1201 3091 1236 3154 in

100 3189 252 3259 ἑωυτῶν
281 3190 327 3268 (in
349 3192 529 3257 recentiore
551 3191 633 3258 Ohio
655 3197 736 3260 2225
765 3201 878 3258 contra
899 3186 1015 3276 ἑαυτῆς
1033 3187 1117 3274 leg).
1159 3187 1237 3252 Jam

100 3291 196 3360 mihi
220 3287 329 3372 dicas,
358 3311 532 3377 quamnam
560 3291 658 3356 aliam
680 3291 854 3358 dialectum
876 3297 973 3377 potita
995 3286 1176 3372 elegimus,
1201 3295 1237 3350 ut

101 3393 149 3459 de
174 3389 293 3477 priore
313 3386 384 3454 loco
407 3411 522 3475 agam,
551 3391 735 3478 exprimere
764 3391 905 3477 potuerit
934 3388 999 3452 nisi
1018 3386 1161 3452 Ionicum
1182 3407 1235 3450 ve·
1346 3443 1356 3461 ,

102 3492 292 3560 tustiorem
322 3497 379 3553 aut
411 3491 634 3556 recentiorem.
684 3491 798 3576 Itaque
831 3490 998 3574 putaveris
1029 3483 1235 3550 scribendum

101 3614 188 3660 esse
211 3588 367 3654 σεωυτοῦ.
409 3585 563 3653 Attamen
594 3589 679 3654 hanc
699 3589 837 3653 formam
858 3585 946 3673 apud
967 3585 1128 3672 elegiacos
1148 3583 1235 3649 illius

101 3688 277 3776 temporis
299 3687 419 3752 iamin
441 3711 503 3753 usu
523 3688 624 3752 fuisse
646 3684 822 3752 verisimile
840 3708 907 3750 non
929 3693 994 3768 est,
1016 3686 1072 3772 qui
1093 3691 1129 3750 ut
1149 3683 1235 3748 infra

104 3785 374 3878 explicabimus,
393 3786 491 3852 uliam
514 3787 672 3852 rationem
695 3785 796 3851 secuti
819 3785 892 3850 sint.
936 3783 1098 3869 Sequitur,
1120 3790 1157 3847 ut
1179 3791 1235 3847 aut

103 3911 189 3956 cum
201 3884 356 3952 Bekkero
377 3888 530 3951 restituas
545 3877 742 3969 τὴνσαῦτοῦ
763 3876 808 3962 (o'
833 3875 935 3947 αὐτοῦ
946 3882 1036 3948 nulla
1047 3891 1096 3948 est
1107 3883 1234 3962 forma),

104 3997 171 4056 aut
194 4022 238 4032 -
264 3983 299 4050 id
320 3985 406 4070 quod
425 3985 531 4071 magis
553 3985 696 4072 placebit
715 4019 756 4030 -
783 3980 844 4069 σὴν
867 3974 968 4045 αὐτοῦ
993 3989 1031 4045 ut
1056 3980 1175 4067 legitur
1200 3982 1234 4045 in

104 4084 282 4154 simillimo
310 4083 382 4152 loco
403 4085 512 4173 hymn.
534 4083 635 4150 Mero.
656 4085 720 4164 111,
750 4089 811 4152 564
833 4087 940 4171 (quem
961 4079 1083 4167 Bergk.
1111 4079 1234 4162 affert);
