3008 4968
582 467 643 530 225

64 665 149 732 quam
178 643 314 729 Strabo,
342 644 441 732 Diog.
468 645 594 728 Laert,
623 645 763 728 Euticu,
794 645 883 714 Suid.
904 669 936 712 v.
959 599 1168 723 'erudierim

64 743 220 830 vulgarem
241 744 379 809 formam
408 745 542 810 tradunt
572 754 668 832 atque
688 744 786 810 Arch.
811 767 861 832 ep.
882 751 939 829 97,
961 751 981 811 2
1004 739 1169 830 Πριηνέος

64 865 113 928 ρω
133 843 268 928 vulgata
288 843 394 908 forma
417 843 459 910 ab
482 843 655 908 Eustathio
677 843 832 910 exhibita.

114 973 175 1039 His
213 975 472 1041 annumerandus
505 985 554 1041 est
586 999 634 1040 vs.
669 975 813 1062 Theogn.
845 981 899 1056 233
936 975 991 1039 ubi
1022 974 1168 1060 vulgaris

63 1073 240 1139 formatori
264 1071 449 1156 Μεγαρέως
468 1077 645 1162 reperitur,
676 1097 760 1162 quae
789 1099 830 1140 ex
852 1075 996 1161 pleniore
1028 1072 1169 1160 syllaba·

63 1195 124 1236 rum
146 1176 324 1258 quantitate
346 1185 470 1240 mutata
492 1185 570 1240 nata
592 1183 647 1240 est.
679 1173 834 1240 Attamen
847 1177 906 1240 vix
919 1183 1006 1238 recte
1024 1196 1095 1238 sese
1113 1173 1167 1238 ha·

63 1269 116 1352 bet,
139 1275 333 1337 nemetiam
356 1294 397 1337 ex
419 1273 636 1340 Doriensibus
664 1273 749 1338 hanc
775 1274 912 1338 formam
935 1282 1062 1338 tantum
1083 1272 1169 1336 Rho-

64 1368 102 1432 dii
123 1393 297 1458 eorumque
318 1373 418 1437 vicini
439 1395 616 1460 usurpasse
637 1373 790 1455 videntur
810 1373 842 1450 8).
885 1371 998 1468 Itaque
1022 1373 1169 1458 corrigas

63 1465 238 1552 Μεγαρέος.

116 1567 294 1635 Genetivus
319 1569 456 1656 pluralis
478 1567 613 1654 legitur:
637 1569 782 1658 Theogn.
802 1577 879 1638 1330
893 1573 981 1658 (rnp.)
1003 1561 1090 1631 ἀλλὰ
1114 1589 1171 1651 yo-

64 1665 134 1729 νέων
153 1668 157 1752 Ι
178 1661 334 1748 λίσσομαι
350 1655 519 1752 ’ἡμετέρων
535 1667 546 1752 ΙΙ
571 1667 661 1744 (Ahr.
685 1672 765 1735 coni.
788 1663 893 1752 γόνων
916 1666 944 1734 λ.
968 1659 1026 1753 ἠδέ
1045 1669 1170 1750 χερῶν),

64 1765 111 1829 ubi
132 1788 176 1829 εω
199 1769 363 1854 synizesin
386 1767 528 1831 efficiunt
553 1789 654 1854 aeque
677 1781 774 1854 atque
796 1790 831 1830 ro
852 1767 924 1832 loco
948 1770 1066 1854 priore.

116 1863 215 1952 Hipp.
238 1877 279 1932 tr.
301 1871 356 1948 42,
380 1873 398 1933 3
419 1857 570 1928 Αἰνειῶν
598 1867 703 1932 forma
733 1876 900 1932 contracta
930 1867 1171 1931 excusationem

65 1961 151 2028 habet
179 1963 256 2042 (vid.
280 1968 310 2046 ὅ.
334 1971 370 2048 8,
395 1971 423 2046 3,
447 1964 480 2041 d)
500 1974 603 2050 neque
624 1990 706 2054 opus
729 1976 786 2049 est,
810 1987 881 2030 eam
902 1989 975 2030 cum
998 1963 1171 2029 Schneide-

64 2063 135 2127 wino
157 2073 284 2128 mutare
303 2066 337 2128 in
358 2056 526 2126 Αἰνειέων
545 2066 578 2141 9).

117 2169 146 2239 4)
173 2161 299 2250 Stirpes
319 2164 546 2228 femininorum
565 2164 599 2226 in
622 2183 656 2244 0,
683 2147 861 2248 ¹antiquitus
884 2165 917 2226 in
941 2184 1008 2239 ο-ι,
1038 2161 1095 2226 oFr
1118 2183 1172 2226 ex-

67 2271 169 2326 euntes
191 2263 245 2345 12),
274 2265 307 2326 in
329 2264 504 2327 vetustiore
531 2272 562 2326 ot
590 2262 769 2326 recentiore
789 2259 868 2326 Iade
889 2271 925 2326 ut
946 2260 1034 2348 apud
1055 2259 1171 2325 Aeoles

68 2381 183 2446 quoque
205 2370 237 2426 et
258 2361 431 2448 plerosque
452 2361 663 2426 Doriensium
691 2381 763 2424 cum
791 2362 1018 2426 terminatione
1046 2368 1171 2424 contra-

68 2459 193 2524 ctionem
206 2461 288 2524 inire
305 2459 417 2526 solent.
462 2461 524 2527 Oui
544 2459 609 2546 legi
624 2457 813 2546 respondet:
833 2463 969 2543 Λητοῦς
984 2460 1127 2545 Theogn.
1146 2465 1172 2524 1.

120 2591 298 2658 Peculiaris
321 2601 428 2658 autem
449 2592 610 2657 Ionismus
637 2592 799 2656 recentior
821 2601 870 2656 est
891 2595 1097 2658 accusativus
1118 2615 1173 2658 no-

68 2691 178 2756 minum
201 2693 407 2778 propriorum
429 2692 463 2758 iu
484 2677 544 2755 οἷν
565 2691 688 2772 exieus,
708 2691 795 2776 quod
817 2702 930 2758 natum
952 2703 1063 2758 estex
1084 2697 1173 2774 oFrr,

71 2787 150 2854 liin
170 2812 189 2852 ο
212 2801 343 2856 mutato.
386 2787 506 2855 Multas
535 2787 695 2855 eiusmodi
721 2789 842 2856 formas
875 2790 1007 2856 exhibet
1028 2789 1175 2856 Herodo-

69 2895 127 2972 tus3
154 2891 252 2954 etiam
274 2891 308 2954 in
328 2889 429 2954 titulis
451 2889 640 2975 Smyrnaeis
670 2898 845 2974 apparent:
875 2913 923 2956 nr.
952 2895 1031 2956 3223
1051 2879 1176 2968 'Aors-

69 2989 152 3063 μοῦν,
176 2993 257 3056 3228
279 2991 423 3075 Δημοῦν,
447 2995 524 3058 3241
544 2988 712 3074 Μητροῦν.
756 2986 810 3052 Ex
831 2987 1077 3074 iambographis
1093 2988 1174 3074 Hip-

71 3106 171 3170 ponax
192 3089 266 3154 hex.
289 3094 329 3155 87
351 3087 500 3174 praebet:
523 3088 675 3173 Κνψοῦν.
721 3085 770 3154 Cf.
787 3088 881 3153 Hort.
904 3087 1044 3152 Adonid.
1065 3109 1095 3173 p.
1115 3090 1175 3154 268

70 3183 105 3250 Β;
125 3181 155 3252 oi
184 3179 345 3264 δέ”Ιωνες
367 3180 467 3273 αὐτὴν
493 3181 541 3266 εἰς
568 3175 626 3254 ουν
652 3182 806 3262 ἐποίουν,
835 3188 1000 3272 Σοπφούν
1022 3181 1080 3248 καὶ
1100 3187 1177 3268 Λη-

69 3289 158 3404 priv.
176 3337 205 3354 ..
230 3280 357 3369 ὁμοίως
384 3283 441 3351 καὶ
467 3286 560 3374 παρὰ
579 3282 802 3351 Ἱππώνακτι·
825 3288 898 3360 πῶς
918 3279 1011 3364 παρὰ
1037 3285 1178 3370 Κυψοῦν

69 3380 154 3468 otte.

125 3491 154 3561 5)
175 3485 227 3550 Dc
261 3485 434 3573 stirpibus,
465 3509 603 3572 quarum
633 3485 770 3551 ofinale
805 3485 838 3548 in
864 3483 1004 3548 flexione
1038 3481 1178 3564 eliditur,

73 3584 228 3669 tripartita
257 3586 319 3650 erit
348 3585 527 3672 disputatio
534 3636 543 3670 ,
572 3597 671 3674 prout
697 3587 828 3671 sigmati
848 3606 864 3648 e
886 3591 942 3650 aut
963 3604 984 3644 α
1007 3590 1063 3646 aut
1084 3601 1102 3643 ο
1123 3602 1178 3644 an-

71 3682 189 3750 tecedit

75 3851 272 3865 ——-—.-.

135 3967 160 4032 8)
177 3965 243 4020 Ahr.
261 3965 298 4035 11,
316 3984 345 4036 p.
364 3969 422 4023 237.
440 3969 497 4021 570.

137 4051 162 4114 9)
180 4047 308 4121 Βείῒτέςθ
326 4069 353 4121 p.
374 4055 429 4104 111.

123 4133 162 4199 10)
180 4131 296 4204 Curtius,
315 4133 541 4204 Erlituterungen
558 4151 586 4203 p.
605 4137 637 4186 50
655 4149 695 4201 sq.
