3008 4968
837 416 899 477 212

201 573 207 586 ⁸
316 588 420 678 Ἀθην
434 588 558 675 [αίοισι]
573 577 800 678 „utvidet1n.“
843 597 891 676 82,
906 598 945 660 34
961 585 1033 674 ἱερὰ
1054 587 1095 654 τὰ
1118 585 1224 673 κοινὰ,
1246 585 1281 654 ἒν
1300 584 1417 654 ὅσοισιν

319 688 408 776 ilum]
423 694 435 778 ΙΙ
451 695 550 758 ῶνται
577 691 774 771 (Boeokhius
795 691 919 757 mavult
946 687 1040 766 ὅσοις
1068 681 1137 773 dlv),
1158 688 1329 775 Rangabei
1357 686 1417 774 syll.
1495 723 1496 730 ν

318 817 367 861 nr.
393 801 459 877 114,
480 792 502 858 l.
525 800 557 859 7:
576 784 817 878 Ἀθηναίοισιν,
840 791 860 856 l.
883 799 915 856 1:
935 792 1005 866 τοῖς
1026 783 1221 874 ε’ντιστάτηοι
1243 799 1275 853 et
1297 775 1419 862 οἶςἈν-

319 889 432 979 τικλῆς
453 902 586 979 propter
600 900 793 978 sequentem
815 889 960 970 vocalem
986 891 1053 954 iota
1073 887 1199 953 litterae
1222 889 1352 955 omissio
1373 909 1418 950 ex·
1495 957 1496 966 ρ

321 1001 461 1056 coeatur.
504 995 574 1073 294,
596 998 629 1057 7:
651 982 791 1071 αὐτοῖσι,
812 999 846 1052 at
866 989 888 1054 l.
906 997 958 1055 11:
982 980 1105 1067 αμίτοῖς
1126 984 1218 1070 κατά,
1241 989 1296 1074 qui
1317 985 1419 1052 titulus
1479 993 1496 1074 ι’

319 1091 479 1175 attingere
499 1089 629 1154 videtur
652 1086 884 1176 Olympiadem
905 1093 953 1155 86.
996 1087 1078 1152 Item
1099 1087 1133 1151 in
1153 1086 1273 1168 titulis,
1295 1085 1353 1150 ubi
1371 1107 1419 1147 τα·
1494 1148 1495 1170 ς

318 1178 458 1270 μίασιίν)
479 1198 633 1274 apparet,
654 1188 722 1253 fere
743 1186 892 1259 omnibus
920 1186 1051 1251 brevior
1081 1185 1186 1252 forma
1208 1173 1259 1260 οἷς
1280 1185 1420 1265 occurrit,
1494 1227 1495 1236 ι

319 1287 419 1353 veluti
439 1287 544 1372 Rang.
567 1292 621 1369 90,
649 1291 700 1369 91,
726 1286 747 1352 l.
768 1292 802 1354 3:
830 1273 881 1360 οἷς
902 1275 1035 1370 Κράτος
1058 1278 1301 1369 ἐγραμμάτευες
1323 1285 1357 1347 in
1377 1305 1420 1347 eo·

320 1387 393 1452 dem
412 1385 506 1451 titulo
533 1391 594 1454 250
614 1384 672 1450 ubi
692 1405 748 1471 ησι
768 1395 802 1450 et
823 1405 910 1468 αισι,
938 1393 1045 1450 exstat
1065 1384 1085 1450 l
1108 1391 1141 1453 8:
1163 1385 1233 1459 τοῖς
1253 1381 1421 1468 προτέροις

263 1481 265 1486 ’
320 1487 397 1548 Παν
420 1481 574 1569 [αθηναίο
590 1483 600 1569 Η
617 1488 657 1564 ις]
678 1475 859 1567 ἐτετάχατο,
873 1483 892 1548 l.
909 1489 946 1550 13
967 1474 1075 1562 [αὗτοῖ
1087 1481 1100 1568 ΙΙ
1115 1488 1140 1564 ς]
1163 1477 1333 1570 ψήφισμα,
1354 1482 1373 1546 l.
1388 1487 1418 1546 31

319 1583 400 1664 τοῆς
419 1577 595 1667 προτέροις
614 1577 873 1668 Παναθηναίοις
899 1575 1089 1661 ἐτετάχατο,
1119 1605 1278 1670 nusquam
1304 1580 1423 1665 longior

321 1680 543 1748 declinationis
562 1683 596 1746 in
618 1702 636 1744 o
657 1681 770 1746 forma
810 1681 842 1746 A
859 1681 964 1747 forma
986 1669 1179 1746 oaoa'Attici
1205 1681 1333 1746 omnino
1364 1701 1422 1742 ma·

321 1783 424 1846 tarius
445 1780 623 1846 descivisse
651 1780 808 1845 videntur.
851 1779 976 1844 Ultima
1002 1783 1088 1846 enim
1114 1791 1225 1845 estex
1247 1780 1298 1847 Ol.
1321 1786 1378 1862 86,
1398 1785 1423 1846 3.

321 1879 444 1946 Forma
465 1878 568 1945 dativi
587 1898 644 1965 ῃσι
665 1888 778 1944 eontra
796 1880 957 1966 reperitur
977 1902 1080 1967 usque
1101 1879 1144 1944 ad
1166 1879 1218 1945 01.
1240 1884 1290 1962 88,
1310 1886 1328 1945 4
1352 1876 1422 1952 (vid.

322 2002 422 2067 supra
443 1982 472 2062 ξ.
497 1987 545 2061 6),
570 1977 695 2064 longior
716 1978 821 2043 forma
840 1970 998 2058 ταμίασιν
1018 1979 1094 2044 inde
1115 1978 1157 2044 ab
1179 1978 1231 2044 Ol.
1253 1981 1307 2061 86,
1329 1983 1349 2044 3
1372 1979 1424 2041 cir-

322 2080 400 2144 citer
420 2077 584 2166 usquead
607 2075 658 2150 Ol.
678 2081 718 2142 90
744 2080 784 2158 (ξ.
805 2081 834 2159 6,
857 2099 930 2141 ann.
954 2083 993 2156 7).
1036 2078 1150 2164 Itaque
1169 2087 1204 2142 ut
1225 2099 1295 2142 rem
1314 2077 1421 2163 paucis

322 2177 587 2265 complectamur:
615 2185 689 2262 post
705 2175 875 2241 Euclidem
901 2176 1089 2242 archontem
1115 2175 1280 2262 longiores
1306 2176 1421 2241 formae

321 2277 354 2342 in
375 2275 477 2342 titulis
497 2275 626 2341 omnino
648 2273 747 2339 scribi
769 2275 893 2340 desitas
915 2285 997 2340 sunt.

381 2373 547 2440 Permulta
567 2383 676 2438 tamen
692 2374 780 2461 apud
801 2374 1055 2461 iambographos
1077 2373 1228 2460 exempla
1251 2373 1420 2440 adversan-

321 2483 382 2557 tur,
404 2474 568 2561 inquibus
584 2472 638 2538 vel
659 2483 733 2537 ante
755 2495 928 2539 consonam
949 2473 1001 2538 vel
1022 2475 1057 2537 in
1077 2467 1200 2540 versus
1215 2474 1279 2538 fine
1297 2473 1420 2539 brevior

321 2573 450 2639 dativus
478 2571 616 2638 traditus
643 2582 701 2638 est.
749 2571 958 2660 Quapropter
984 2571 1163 2636 Ahrensius
1191 2574 1301 2638 omnia
1330 2574 1420 2638 corri-

321 2695 398 2759 gere
421 2681 554 2738 conatus
582 2681 632 2737 est
650 2672 698 2748 ¹¹).
737 2672 785 2749 At
805 2674 928 2755 nescio,
955 2693 997 2737 an
1023 2673 1074 2736 vir
1103 2670 1217 2736 doctus
1245 2671 1420 2768 lorngiusin

321 2772 383 2836 hac
403 2794 439 2836 re
460 2793 652 2858 progressus
674 2772 725 2836 sit.
766 2771 839 2837 Non
859 2773 943 2835 enim
957 2772 987 2836 ei
1008 2771 1158 2834 assentiri
1176 2791 1320 2856 possum,
1341 2769 1420 2856 quod
1495 2809 1496 2840 ,

320 2869 464 2937 Ionicam
486 2869 747 2936 consuetudinem
769 2871 865 2934 etiam
886 2869 921 2933 in
940 2869 1197 2934 tetrametris
1219 2869 1418 2935 observatam

321 2994 392 3036 esse
413 2979 536 3054 censet,
564 2970 641 3055 quia
660 2991 725 3034 non
744 2967 910 3054 intellego,
939 2989 996 3032 cur
1016 2965 1178 3031 licentiam
1199 2970 1234 3033 in
1256 2969 1328 3034 aliis
1349 2990 1420 3056 quo·

321 3091 382 3156 que
402 3070 500 3135 rebus
523 3069 730 3156 conspicuam
749 3090 815 3132 non
834 3069 868 3131 in
881 3066 943 3132 hac
963 3067 1155 3132 formatione
1176 3089 1196 3130 a
1214 3071 1320 3154 poetis
1342 3089 1418 3132 sum·

320 3178 410 3255 ptam
432 3191 502 3234 esse
524 3168 693 3251 concedat,
721 3189 760 3232 ac
781 3167 858 3253 quia
878 3188 914 3230 re
939 3187 1032 3248 vera,
1059 3166 1087 3230 si
1116 3187 1241 3230 summa
1268 3168 1341 3230 imis
1367 3166 1418 3228 mi·

321 3289 410 3333 scere
431 3268 528 3352 nolis,
556 3266 682 3353 plenior
708 3266 813 3331 forma
837 3287 902 3331 non
925 3264 1045 3352 ubique
1072 3265 1200 3329 restitui
1225 3275 1346 3352 potest,
1367 3261 1418 3327 sed

320 3366 511 3432 ibitantum
530 3366 588 3432 ubi
615 3367 795 3452 scripturae
822 3363 962 3429 traditae
996 3373 1148 3450 corrupta
1178 3368 1303 3450 species
1324 3373 1417 3428 mua·

322 3466 462 3532 tionibus
484 3465 708 3530 auctoritatem
729 3463 885 3548 adiungit.
926 3463 1040 3550 Itaque
1062 3461 1216 3527 defendo:

379 3565 476 3632 Arch.
499 3573 571 3630 tetr.
593 3569 647 3631 65:
670 3555 705 3628 tv
726 3555 758 3626 δ’
783 3555 965 3643 ἐπίσταμαι
984 3555 1071 3644 μέγα

423 3660 479 3730 τὸν
497 3649 662 3743 κακῶςμε
677 3659 804 3746 δρῶντα
826 3659 946 3736 δεινοῖς
962 3651 1227 3742 ἀνταμείβεσθαι
1248 3657 1415 3742 κακσῖςΙΙ.

383 3763 479 3844 Quod
497 3764 713 3848 fragmentum
734 3771 802 3825 tam
821 3760 903 3826 bene
919 3759 1074 3824 traditum
1091 3769 1149 3843 eet,
1170 3766 1210 3824 ac
1223 3769 1291 3825 tam
1313 3769 1414 3848 aptam

320 3865 510 3929 sententiam
536 3861 688 3949 praebet,
715 3870 750 3924 ut
775 3859 952 3947 quidquam
971 3868 1104 3924 mutare
1124 3867 1278 3927 vetemur.
1327 3856 1415 3940 Quod

370 4082 412 4147 11)
430 4079 666 4150 Verhandlungen
684 4079 733 4133 der
747 4075 825 4132 XllI.
843 4077 915 4136 Phil.
931 4093 995 4149 pag.
1014 4081 1046 4132 60
1063 4094 1132 4150 sqq,
1149 4083 1244 4135 annot
