3148 4958
873 409 892 468 2

326 609 368 650 ex
386 587 538 670 analogia
548 584 781 652 vocabulorum
789 589 809 666 ¹)
831 594 867 650 ut
886 584 1009 668 μῶναξ,
1033 584 1120 672 quod
1141 606 1182 648 ex
1203 582 1355 664 μονῶνυξ
1373 606 1439 647 mu·

325 685 452 750 tilatum
476 695 539 768 est,
571 685 646 748 huic
667 693 777 751 tamen
805 686 982 749 sententiae
1003 707 1068 749 non
1090 683 1193 748 solum
1216 682 1331 760 obstat,
1355 682 1440 766 quod

327 783 446 850 Graeci
477 776 684 869 ἒπαλληλίαν
713 787 732 849 i.
762 807 788 851 e.
823 785 1079 849 consecutionem
1108 781 1324 868 syllabarum,
1358 803 1440 867 quae

326 873 382 948 aut
403 883 526 948 eisdem
548 892 605 946 aut
624 883 784 948 similibus
805 883 921 948 litteris
944 892 1102 964 constant,
1130 904 1194 945 non
1216 890 1282 944 tam
1302 882 1336 944 in
1357 880 1440 945 deri-

325 985 472 1066 vatione,
502 1005 600 1068 quam
626 983 660 1045 in
683 984 918 1069 compositione
939 981 1174 1046 vocabulorum
1196 979 1360 1056 vitabant,
1383 979 1441 1043 sed

326 1083 423 1145 etiam
445 1082 532 1168 quod
562 1104 715 1166 magnum
743 1082 917 1146 discrimen
949 1092 997 1145 est
1024 1083 1107 1144 inter
1134 1078 1386 1144 masculinorum
1410 1089 1441 1142 et

324 1181 552 1244 femininorum
589 1183 888 1266 patronymicorum
910 1181 1082 1245 notionem.
1139 1178 1321 1242 Masculina
1356 1179 1440 1242 enim

324 1279 429 1344 forma
452 1301 581 1366 semper
604 1301 744 1364 persona
754 1281 778 1359 ²)
808 1281 968 1368 quaedam
998 1277 1209 1363 significatur,
1231 1279 1266 1340 in
1284 1277 1441 1340 ‘feminina

325 1399 402 1442 vero
432 1399 497 1441 non
527 1377 628 1442 solum
665 1383 894 1466 patronymica
924 1377 982 1443 sed
1015 1379 1144 1442 omnino
1173 1377 1359 1462 possessiva
1390 1377 1441 1440 vis

324 1477 418 1558 inest,
441 1486 477 1541 ut
497 1500 527 1541 v.
552 1498 579 1542 c.
601 1471 733 1552 Μινωίς
759 1488 791 1542 et
813 1478 1037 1565 patronymico
1060 1476 1192 1552 (Minois
1214 1474 1293 1552 filia)
1316 1484 1348 1538 et
1367 1497 1440 1560 pos-

326 1577 448 1640 sessive
470 1567 664 1657 (Μινωίδος
685 1569 815 1661 Κρήτης
836 1576 899 1662 Ap.
912 1575 973 1641 Rb.
987 1577 1007 1656 β
1021 1580 1094 1654 299)
1116 1584 1300 1660 usurpatur.
1322 1573 1440 1652 Quam-

325 1673 438 1740 obrem
459 1673 558 1740 ullam
581 1677 664 1740 inter
685 1697 785 1740 masc.
798 1697 869 1760 gen.
892 1685 924 1738 et
945 1675 1019 1740 fem.
1033 1697 1104 1760 gen.
1127 1675 1354 1760 patronymica
1368 1695 1440 1756 cog-

324 1774 490 1838 nationem
517 1774 720 1840 intercedere
749 1774 845 1860 plane
864 1797 958 1859 nego.
980 1775 1154 1860 -·Neque
1184 1773 1260 1854 hoc,
1291 1769 1377 1857 quod
1399 1793 1441 1834 ex

324 1871 492 1957 Apollonii
523 1873 633 1938 verbis
666 1872 883 1958 colligendum
910 1883 973 1956 est,
998 1873 1228 1953 concesserim,
1253 1869 1442 1934 masculinis

324 1971 358 2033 in
381 1968 455 2054 ιδης
482 1971 760 2055 femininorum,
790 1972 979 2036 masculinis
1008 1973 1040 2036 in
1069 1968 1153 2055 αδης
1173 1971 1328 2034 feminina
1348 1970 1382 2032 in
1404 1991 1444 2044 ας

324 2069 538 2155 respondere3
571 2093 669 2158 quam
704 2075 894 2136 sententiam
921 2071 1153 2136 Buttmannum
1183 2067 1254 2146 (Gr.
1277 2066 1335 2132 Gr.
1356 2067 1389 2132 II
1411 2091 1442 2154 p.

325 2173 398 2247 439)
424 2169 569 2254 aliosque
593 2180 721 2234 secutos
744 2179 814 2235 esse
837 2169 942 2235 video.
986 2170 1052 2234 Sed
1073 2169 1181 2255 potius
1206 2192 1237 2232 v.
1261 2190 1286 2234 c.
1310 2164 1443 2250 Λητοΐ-

325 2265 382 2349 δης
402 2268 583 2334 masculino
605 2291 724 2354 genere
747 2291 874 2354 semper
896 2269 1073 2349 invenitur,
1095 2288 1261 2351 nunquam
1282 2261 1444 2349 Λητωιά-

325 2364 401 2448 δης,
435 2389 550 2432 verum
581 2367 737 2432 feminino
764 2389 883 2452 genere
909 2377 940 2432 et
966 2358 1162 2455 Apustium
1190 2360 1351 2451 Λητωιάς
1375 2365 1442 2430 dici

267 2483 269 2486 ·
326 2464 414 2530 solet.

386 2568 415 2644 ξ.
428 2569 457 2630 3.
473 2563 555 2627 Tres
564 2565 663 2648 igitur
674 2565 803 2628 omnino
814 2565 1242 2650 patronymicorumformas
1251 2563 1441 2628 statuendas

325 2684 396 2726 esse
418 2684 544 2745 censeo,
566 2685 702 2750 quarum
725 2665 842 2750 prima,
864 2685 947 2747 quae
969 2674 1019 2729 est
1040 2664 1210 2728 masculini
1225 2665 1362 2748 generis,
1386 2686 1441 2728 no-

324 2763 482 2826 minativo
504 2784 582 2826 casu
603 2764 638 2824 in
661 2760 728 2846 δης,
752 2762 864 2844 altera,
888 2783 971 2848 quae
993 2772 1042 2826 est
1061 2763 1206 2826 feminini
1228 2765 1367 2846 generis,
1390 2785 1442 2826 eo·

246 2855 248 2860 ’
325 2859 398 2924 dem
422 2883 501 2927 casu
523 2870 578 2924 aut
600 2863 635 2925 in
657 2883 685 2938 ις
707 2872 762 2926 aut
787 2863 820 2926 in
844 2883 913 2936 ιας,
945 2864 1043 2926 tertia
1070 2863 1247 2926 masculino
1268 2884 1386 2946 genere
1407 2863 1443 2926 in

325 2981 383 3022 ιων
406 2998 446 3006 -α
468 2983 532 3026 non
558 2961 592 3024 in
613 2982 675 3043 ων,
704 2968 739 3025 ut
760 2961 921 3048 Dionysio
948 2960 1122 3027 videbatur
1144 2999 1199 3044 -‚
1225 2961 1379 3026 feminino
1406 2961 1442 3025 in

326 3145 534 3154 ----

394 3242 417 3308 1)
436 3239 493 3295 Cfr.
513 3241 641 3311 Lobcck,
661 3242 778 3312 paralip.
797 3260 838 3314 gr.
857 3261 899 3314 gr.
919 3260 945 3312 p.
966 3246 997 3296 38
1015 3259 1072 3312 seq.
1091 3273 1124 3282 —
1142 3241 1170 3298 C.
1190 3241 1262 3310 Keil,
1281 3259 1354 3314 spec.
1374 3257 1441 3296 ono-

323 3328 390 3377 mat.
410 3340 501 3394 graec.
519 3342 547 3394 p.
567 3329 599 3378 53
617 3341 673 3395 seq.

393 3409 418 3474 2)
439 3406 530 3470 Quare
553 3409 748 3478 patronymica
769 3409 923 3462 masculina
947 3424 1054 3478 semper
1077 3407 1135 3462 fere
1159 3409 1334 3462 substantiva
1362 3414 1441 3476 sunt3

325 3490 463 3544 interdum
482 3490 594 3559 quidem
611 3491 740 3545 liberiore
759 3493 890 3545 sermonis
912 3492 1006 3561 graeci
1028 3493 1139 3563 proprio
1160 3509 1235 3546 morc
1255 3511 1306 3563 pro
1328 3495 1441 3564 adjecti-

323 3575 364 3626 vis
382 3579 552 3643 usurpantur
569 3579 601 3626 ut
618 3574 700 3630 Hom.
717 3581 748 3630 A
759 3579 822 3630 489:
841 3575 1008 3646 Πριαμίδην
1025 3576 1116 3631 νόθον
1126 3578 1195 3640 υἱόν,
1214 3576 1296 3647 Soph.
1311 3577 1353 3631 El.
1378 3582 1440 3632 182:

324 3664 394 3720 παῖς
407 3658 660 3730 Ἀγαμεμνονίδας,
678 3658 745 3728 Eur.
764 3659 833 3713 Hec.
854 3662 914 3714 148:
937 3660 999 3712 θεοὶ
1012 3657 1178 3728 Οὐρανίδαι,
1196 3660 1280 3731 Verg.
1298 3663 1369 3716 Aen.
1388 3661 1440 3730 IX,

324 3743 372 3794 28:
399 3740 557 3808 Tyrrhidae
574 3743 697 3810 juvenca.
723 3774 757 3781 —
779 3742 966 3796 Possessivam
989 3741 1130 3794 notionem
1154 3743 1239 3798 habet
1257 3744 1438 3810 Πενθηιάδαι

324 3825 464 3894 apotastare
485 3823 513 3892 (i.
533 3839 556 3879 c.
578 3825 696 3879 Penthei
719 3827 857 3894 custodes)
886 3823 958 3898 Opp.
978 3843 1040 3896 eyn.
1062 3825 1116 3894 IV,
1133 3829 1196 3895 2903
1214 3833 1243 3880 et
1260 3828 1341 3882 simili
1357 3830 1440 3882 modo

323 3906 505 3976 Κεκροπίδην
524 3907 646 3983 στρατόν
665 3909 800 3962 Christod.
811 3913 860 3962 242
879 3909 907 3978 (i.
921 3923 944 3962 e.
960 3908 1440 3978 Cecropidarum--Atheniensiumt

322 3990 628 4061 ethrpsrovuvmlduv
650 3992 739 4046 πόνον
760 3994 846 4048 Anth.
866 3991 948 4064 XIV,
966 3998 1011 4062 55,
1029 3996 1044 4045 6
1069 3993 1096 4060 (i.
1117 4009 1140 4050 e.
1164 3995 1439 4069 Ἀμφιτρυωνιάδου)

324 4073 489 4131 dictasunt.
