3088 4966
885 479 946 545 260

357 659 416 742 sit,
444 657 597 725 facillime
623 659 739 746 opinor
761 683 801 726 ex
824 660 907 747 ipsie
928 659 1023 726 huius
1044 660 1093 728 rei
1115 657 1273 746 exemplis
1295 659 1403 748 qualia
1422 659 1458 724 le·

355 769 475 844 guntur
505 761 539 824 in
560 757 726 824 codicibus
756 759 969 845 intellegetur.
1012 757 1095 824 Sunt
1128 770 1235 824 autem
1267 759 1302 822 in
1334 757 1459 822 diver-

355 856 436 922 biis
458 858 522 923 tria
543 856 658 924 horum
679 858 901 946 exemplorum
917 879 1051 943 genera:
1073 881 1172 922 unum
1193 857 1279 944 quod
1302 880 1377 922 cum
1398 879 1461 922 enm

354 979 468 1021 vocem
489 957 660 1022 antecedat
680 979 745 1022 non
766 956 904 1040 vocalis,
939 955 997 1022 sed
1025 978 1182 1040 consona,
1213 955 1378 1022 removeri
1406 977 1461 1020 non

355 1058 459 1142 possit
477 1058 541 1122 nisi
563 1057 820 1122 coniecturarum
843 1055 996 1122 audacia:

436 1153 766 1223 Aesoh.Pcrs.416:
795 1147 1074 1236 (χαλκοστόμοις)
1106 1157 1141 1214 11
1148 1144 1292 1229 αιόντ’,
1325 1146 1463 1234 ἔθραυον

356 1247 465 1316 πάντα
487 1249 625 1338 κωπήρη
645 1247 781 1330 στόλον,
811 1277 910 1343 quam
931 1264 1061 1318 mutuae
1084 1251 1194 1318 caedis
1217 1251 1461 1338 descriptionem

357 1351 491 1417 brevem
519 1352 657 1441 ideoque
681 1355 911 1439 gravissimam
938 1353 1116 1439 corrumpit
1139 1351 1278 1416 Perenni
1309 1361 1344 1416 et
1367 1348 1464 1414 Blom·

358 1451 460 1516 fieldii
478 1454 662 1518 coniectura
681 1445 870 1530 natolts'vc',
885 1475 946 1540 pro
960 1475 1024 1539 qua
1038 1452 1109 1538 ipse
1124 1451 1358 1518 sententiarum
1372 1471 1466 1513 nexus

359 1559 446 1615 certe
467 1545 650 1632 παιόμενον
671 1573 827 1638 praesens
846 1549 997 1640 postulat.

441 1650 533 1716 Pers.
561 1657 634 1719 376:
666 1641 774 1736 (ἀνὴρ)
805 1653 973 1733 Τροιιοῦ
982 1671 1025 1712 το
1060 1641 1174 1733 κώπην
1204 1643 1357 1728 σκαλμὸν
1385 1637 1465 1728 ἀμφ’

358 1740 550 1834 εὐήρετμον,
584 1749 640 1814 ubi
676 1772 735 1836 per
764 1751 860 1814 metri
894 1749 984 1836 leges
1017 1743 1200 1831 ἐτροποῦτο
1232 1746 1382 1812 scribere
1410 1745 1467 1811 illis

357 1847 456 1914 licuit

440 1945 538 2033 Soph.
562 1946 631 2012 ΟΒ.
656 1951 749 2015 1249:
770 1940 1027 2029 (παιδουργίαν.)
1065 1949 1096 2008 Γ
1099 1947 1197 2009 οᾶτο
1220 1934 1255 2008 δ’
1280 1936 1400 2020 εὐνὰς,
1422 1935 1466 2005 ἕν-

356 2049 408 2109 θα
431 2039 588 2130 δύστηνος
613 2042 755 2120 διπλοῦς
776 2054 830 2112 ctt.
853 2045 910 2111 ubi
932 2046 1045 2112 eadem
1067 2046 1142 2110 freti
1163 2045 1297 2110 lieentia
1320 2064 1464 2130 augmen·

356 2155 425 2210 tum
446 2144 494 2209 illi
515 2145 735 2210 restituerunt

441 2243 509 2310 00.
527 2249 621 2312 1624:
642 2239 755 2322 (τινὸς)
781 2236 945 2322 Θώυξεν
966 2235 1075 2321 αὐτὸν,
1100 2237 1181 2319 ὥςιε
1198 2235 1331 2318 πάντας
1354 2233 1466 2323 ὀρθίας

358 2352 430 2425 ott,
463 2345 554 2408 cuius
585 2365 700 2408 versus
727 2331 861 2408 'initium
892 2346 940 2408 ita
971 2343 1137 2408 constituit
1166 2342 1353 2408 Poreonus:
1385 2341 1466 2404 θεῶν

357 2431 496 2520 ἐθώυξζ
520 2451 575 2508 ott.

438 2539 530 2605 Pers.
546 2546 621 2608 313:
651 2543 853 2623 Φαρνοῦχος,
870 2537 942 2604 οἵδε
957 2536 1034 2616 ναὸς
1048 2535 1085 2603 ἐκ
1098 2542 1182 2621 μιᾶς
1201 2535 1356 2617 πέσον,
1381 2561 1463 2628 quent

356 2639 460 2703 locum
490 2661 608 2704 sanare
630 2640 694 2706 sibi
715 2641 779 2704 visi
806 2641 928 2704 suntsi
953 2663 1026 2705 cum
1048 2639 1205 2705 tribrachi
1225 2639 1379 2705 molestia
1399 2638 1466 2704 scri·

357 2738 471 2804 borcnt
492 2733 571 2813 ναὸς
592 2731 713 2804 {lacoon
735 2733 771 2804 ἐκ
792 2740 883 2818 μιᾶς.

438 2834 611 2902 Accedunt
632 2861 738 2925 panea
759 2837 929 2926 exempla,
952 2839 986 2903 in
1007 2837 1123 2926 quibus
1144 2860 1217 2902 cunr
1238 2837 1368 2902 vocalis
1389 2844 1465 2900 ante·

357 2935 503 3002 cedentis
532 2946 650 3002 natura
677 2939 843 3024 augmenti
870 2937 1037 3004 elisionem
1068 2959 1202 3024 prorsus
1232 2935 1368 3019 refutet,
1398 2937 1465 2998 item

356 3045 414 3100 aut
434 3046 642 3122 augmentum
671 3038 827 3103 omissum
860 3045 916 3104 aut
945 3048 1062 3125 poetae
1091 3037 1194 3108 oratio
1221 3045 1382 3122 corrupta
1403 3054 1464 3097 ccu-

356 3134 458 3200 scnda
479 3136 537 3200 sit:

437 3233 529 3300 Pers.
551 3239 626 3304 458:
656 3231 718 3316 (δὲ)
741 3233 979 3300 Κυκλοῢντο
1009 3236 1123 3298 πᾶσαν
1144 3236 1242 3321 νῆσον
1273 3223 1354 3308 ὥςτ’
1388 3221 1463 3312 cipp·

354 3334 483 3412 χανεῖν,
516 3332 573 3398 ubi
604 3355 758 3421 perverse
786 3334 977 3400 Schuetzius
1009 3333 1152 3399 elisionia
1180 3332 1300 3398 adiecit
1331 3334 1463 3418 signum:

353 3425 560 3509 ‘torinicum
584 3433 640 3498 alii
658 3435 858 3520 scripserunt
879 3429 1083 3498 ἐκυκλοῦντο.

439 3531 528 3596 Pers.
545 3540 620 3600 506:
641 3529 785 3618 (φλοριλ)
808 3535 970 3596 Πῖιιτον
993 3524 1028 3594 δ’
1046 3522 1103 3594 ἔνι’
1123 3523 1328 3617 ἀλλήλοισιν·
1345 3520 1462 3615 ηὐτύχει

358 3626 396 3694 δέ
416 3652 469 3694 τοι
491 3641 554 3714 αλλ,
576 3654 597 3696 n
619 3655 682 3715 qno
703 3632 774 3698 loco
797 3655 932 3720 prorsus
953 3631 1108 3698 abhorret
1128 3631 1216 3696 notio
1232 3631 1358 3712 coristi,
1379 3646 1462 3712 quem

356 3731 465 3794 intulit
484 3730 720 3796 Blomfieldius:
742 3725 950 3808 ἐντιτνον.184)

440 3829 506 3894 sed
527 3830 588 3894 hae
611 3833 814 3895 coniecturae
834 3841 870 3896 ut
885 3830 927 3895 ad
945 3839 1060 3917 poetae
1082 3839 1116 3894 et
1131 3830 1306 3894 sententias
1325 3837 1358 3891 et
1371 3823 1462 3891 verba

358 3965 499 3972 ..ο-..-
516 3961 560 3971 -.a

410 4049 468 4113 184)
486 4045 558 4101 Phil.
576 4049 640 4100 371:
663 4046 678 4100 ὁ
697 4045 726 4099 δ’
747 4047 808 4100 eln'
826 4043 992 4112 Ὀδυσσεύς,
1011 4049 1130 4114 πλησίον
1146 4044 1200 4116 γὰρ
1219 4039 1263 4099 ὢν
1284 4041 1461 4116 adoraretis

355 4129 407 4183 riri
424 4130 498 4184 docti
516 4130 657 4185 Brnnckio
675 4135 788 4186 auctore
807 4146 883 4184 nunc
900 4130 940 4185 sic
959 4129 1188 4185 emendaverunt:
1208 4126 1264 4210 yslp
1282 4120 1317 4196 ἦν
1336 4123 1432 4198 κυρῶν.
