3008 4968
934 339 942 384 ι

849 441 910 504 204

381 615 541 682 Secuntur
564 619 663 684 ceteri
686 605 829 704 elegiaci
872 618 972 706 Apud
993 643 1073 707 quos
1087 621 1121 686 hi
1133 623 1278 708 genetivi
1299 645 1418 688 cernun-

318 725 371 780 tur
392 715 436 780 ad
455 740 604 782 normam
624 718 755 783 Ionicae
776 718 907 786 dialecti
929 719 1075 785 formati:

320 819 325 830 '
383 815 477 902 Tyrt.
508 823 561 898 12,
588 825 620 884 6;
653 811 815 903 πλουτοίη
848 813 885 882 δὲ
917 811 1035 882 Μίδεω
1057 815 1114 882 καὶ
1136 812 1285 902 Κινύρου
1311 814 1420 902 μάλιον

319 913 373 992 (G.
401 913 445 980 M.
476 915 624 981 Schmidt
652 919 799 1003 scripsit;
828 917 926 1004 vulgo
955 913 1134 1000 Κινυρὲοιο
1159 915 1306 1001 μᾶλλον,
1335 929 1365 985 et
1383 922 1421 985 sic

320 1012 453 1079 Stobaei
475 1014 571 1080 Vind.
590 1016 622 1081 A
642 1016 854 1100 (Κινυρεοῖο),
877 1017 905 1082 B
922 1010 1071 1100 Κινύραο
1094 1012 1208 1094 πλέον,
1228 1017 1421 1084 Camerarius

321 1108 471 1195 Κινύρεω
492 1108 643 1198 βοίδιον),
666 1121 684 1180 7
711 1109 995 1182 Tantaliden-
1019 1125 1066 1199 16,
1091 1125 1128 1183 14
1150 1112 1290 1202 ψυχέων.

382 1212 529 1301 Theogn.
557 1222 617 1282 762
637 1207 808 1279 Αἰολίδαο
835 1215 878 1292 (A
899 1225 931 1280 et
951 1216 1057 1299 stols,
1079 1237 1119 1280 ου
1141 1219 1261 1294 ceteri).
1306 1221 1362 1284 763
1380 1215 1430 1299 (Α,

321 1303 424 1376 ἀΐδαο
448 1316 567 1391 ceteri).
590 1321 659 1384 862.
691 1321 784 1380 1124ε
808 1306 952 1380 Ἀΐδεω.
981 1323 1041 1384 716
1063 1308 1184 1396 Βορέω
1208 1315 1270 1397 (A),
1296 1322 1352 1384 176
1371 1337 1423 1378 πε-

319 1407 419 1493 τρέων
440 1413 491 1497 (Α,
513 1415 614 1480 oeteri
634 1415 777 1496 πατρῶνς
805 1413 863 1480 sed
881 1409 1030 1496 πετρέων
1051 1437 1103 1502 ap.
1128 1414 1217 1480 Stcb.
1240 1414 1305 1479 AB
1327 1414 1423 1500 (vtrlgo

320 1513 476 1594 πετρῶν),
505 1522 537 1578 et
559 1513 658 1580 Glem.
683 1512 817 1589 Strom.;
841 1515 965 1595 πετρῶν
985 1514 1069 1580 Plut.
1093 1525 1169 1589 etc.;
1195 1524 1331 1612 thssr
1348 1515 1424 1601 syni-
1492 1515 1493 1551 ³

321 1612 412 1676 zesin
433 1610 652 1678 adhibendam
680 1613 830 1679 conferas
854 1620 926 1682 1361
959 1619 1049 1702 (mp.)
1073 1615 1165 1689 Ναῧς
1189 1611 1290 1700 πέτρῃ
1316 1607 1425 1693 msi-

321 1711 461 1794 κυρσας).
504 1717 564 1778 219
586 1707 774 1798 πολιητέων
794 1713 846 1796 (Α,
858 1707 1032 1776 πολιτάων
1048 1712 1123 1796 ΚΟ,
1144 1711 1294 1776 πολιτῶν
1316 1713 1426 1789 ceteri).

325 1817 402 1877 1153
423 1806 605 1892 μεριμνέων
630 1799 689 1895 (A',
716 1811 748 1876 Κ
768 1806 944 1893 μερίμνων,
979 1814 1078 1876 ceteri
1098 1815 1286 1896 μεριμνῶν).
1308 1849 1350 1860 -
1372 1815 1426 1878 894
1493 1815 1494 1818 ’

322 1905 542 1997 Κυψελίδτων
571 1911 758 1998 (legebatur
789 1904 979 1998 κυψελίζων
1009 1922 1041 1976 et
1074 1905 1293 1997 κυψελλίζον)
1327 1934 1426 2000 quam·

323 2031 420 2096 quam
442 2016 585 2080 891-94
616 2034 682 2076 uon
715 2010 916 2097 Theognidis
949 2021 1032 2076 sunt.
1056 2045 1093 2056 ·-
1125 2011 1163 2075 ln
1187 2003 1292 2074 ἀνιῶν
1324 2017 1380 2079 344
1399 2019 1426 2074 et

321 2111 444 2187 ταχεῶν
460 2103 642 2193 ‘Agnoscis
665 2117 724 2178 715
747 2120 913 2176 eontracta
939 2110 1045 2175 forma
1066 2111 1309 2176 excusationem
1329 2109 1426 2174 habet.
1494 2143 1495 2148 .

383 2207 448 2274 Sol.
470 2215 523 2291 24,
552 2216 585 2276 8:
615 2201 663 2285 εἰς
681 2201 813 2272 Ἀΐδεω
836 2191 942 2290 (Aut)
971 2209 1059 2295 apud
1082 2209 1228 2295 Theogn.
1249 2214 1320 2290 726,
1339 2200 1427 2292 ἀΐδην
1494 2243 1495 2248 1

321 2307 439 2392 reliqui
466 2319 501 2371 ut
528 2308 709 2386 Stobaeus).
756 2315 809 2391 13,
832 2315 887 2375 49:
911 2303 1099 2394 Ἡφαίστου
1127 2303 1344 2388 πολιπιᾶνεω.
1387 2312 1426 2388 13,
1494 2323 1495 2326 ’

323 2413 377 2472 51:
396 2397 636 2486 Ὀλυμπιάδων
658 2403 825 2470 Μουσέων
842 2407 998 2490 (Brunok‚
1010 2407 1102 2474 codd.
1124 2401 1282 2489 μουσάων
1305 2419 1336 2473 et
1353 2428 1427 2488 μου·

260 2587 263 2592 .
322 2506 409 2580 σῶν).
457 2511 512 2588 26,
549 2513 582 2572 2;
615 2503 782 2570 Μουσέων
814 2508 860 2585 (in
893 2506 1114 2594 compluribus
1147 2507 1317 2574 Plutarchi
1343 2505 1426 2572 codd
1495 2511 1496 2550 l

322 2609 411 2681 αων).
968 2622 972 2628 ’
1300 2605 1311 2626 ’
1495 2669 1496 2676 ,

386 2702 514 2784 Quibus
534 2727 606 2769 cum
626 2706 740 2771 formis
761 2705 915 2793 vulgares
937 2715 1123 2772 contractae
1144 2707 1330 2794 promiscue
1346 2727 1427 2771 usur-
1494 2701 1496 2780 Ξ

323 2811 421 2890 patae
442 2803 594 2869 videntur
617 2828 637 2870 a
660 2804 785 2871 Solone.
829 2806 973 2871 Exstant
994 2807 1094 2871 enim:
1494 2815 1496 2834 ³

385 2903 436 2970 El.
459 2910 492 2987 2,
519 2913 539 2972 4
570 2901 859 2991 Σαλαμιναφετῶν
889 2905 943 2984 (Is.
965 2905 1103 2970 Vossius
1134 2913 1166 2968 et
1190 2903 1371 2987 Hermann,
1400 2927 1426 2967 v.
1494 2955 1496 2972 .

324 2995 483 3085 Σαλαμῖν’
518 2995 684 3091 ἀφέντων,
720 3005 778 3070 sed
806 3004 940 3070 Stobaei
967 3003 1061 3070 codd.
1089 2995 1249 3083 Σαλαμῖν’
1284 2995 1427 3091 optor).
1494 2985 1496 3010 ὲ

323 3112 401 3185 τοττι
420 3109 477 3186 33,
500 3110 533 3171 6:
563 3096 739 3191 Ἀθηνῶν.
781 3115 821 3170 tr.
851 3109 908 3188 36,
940 3111 990 3170 12;
1017 3095 1079 3188 ἤδη
1107 3101 1244 3181 (scribas
1266 3095 1337 3191 ἤδη
1364 3125 1428 3169 cum

323 3259 532 3271 ——-

324 3358 363 3409 34.
382 3357 423 3408 35.
459 3351 667 3418 Quodammodo
684 3357 778 3406 tamen
804 3353 873 3405 hacc
888 3353 932 3406 lex
950 3352 1025 3424 apud
1047 3367 1142 3406 omnes
1165 3349 1249 3405 Ionas
1272 3350 1429 3405 recentiores

323 3437 415 3492 valere
440 3437 555 3492 videtur.
590 3435 716 3505 Namque
741 3433 916 3504 Dindorfius‚
942 3436 990 3506 qui
1018 3441 1042 3502 ᾖ.
1069 3439 1085 3489 9
1110 3435 1208 3489 elisum
1231 3453 1243 3488 ε
1265 3433 1428 3489 librariorum

325 3521 424 3592 culpae
450 3519 559 3588 tribuit,
588 3520 661 3573 certe
687 3519 717 3572 in
739 3535 830 3573 errore
856 3525 988 3575 versatu.
1023 3518 1137 3573 Baetim
1163 3517 1317 3573 Bredovius
1343 3535 1370 3589 p.
1386 3518 1429 3570 218

200 3647 204 3656 .
325 3604 541 3658 contractionem
559 3602 720 3671 (elisionem)
743 3603 883 3673 agnoscit,
901 3604 950 3657 ubi
969 3623 981 3658 ε
997 3603 1101 3658 vocalis
1121 3601 1269 3657 antecedit.
1305 3601 1429 3673 Equidem

325 3688 418 3742 nescio
436 3703 473 3740 an
490 3688 535 3740 hic
553 3704 619 3740 usus
644 3703 700 3740 non
722 3691 780 3740 tam
797 3687 863 3740 artis
881 3685 983 3742 finibus
1004 3687 1225 3757 circumscriptus
1241 3685 1333 3740 fuerit.
1366 3684 1429 3739 Nam

325 3772 355 3825 in
381 3771 462 3826 titulo
481 3771 702 3839 Halicarnassio,
725 3770 744 3824 l.
770 3775 800 3824 12
823 3770 971 3840 Παναμύω
1000 3770 1107 3845 legitur.
1144 3770 1238 3824 Etiam
1254 3769 1430 3840 Hippocrates

325 3855 442 3925 simplici
462 3874 474 3909 ε
491 3857 579 3910 utitur
605 3859 669 3925 post
695 3853 803 3920 vocales
832 3858 881 3908 aut
909 3853 1102 3925 diphthongos.
1140 3852 1182 3908 Cf.
1202 3852 1230 3909 J.
1253 3853 1296 3908 ΡΙ.
1315 3849 1430 3908 checki

326 3939 584 3995 commentationem
610 3939 707 3994 insen:
733 3936 882 4007 „Beitr's'ge
908 3954 957 3991 zur
979 3937 1134 3991 Kenntniss
1160 3936 1209 3991 des
1237 3936 1360 3991 Dialects
1387 3936 1428 3987 des

326 4021 476 4092 Hippoor.“
493 4040 521 4092 p.
546 4027 577 4076 14
594 4040 652 4093 sqq.
675 4019 813 4090 Philologi
836 4019 911 4076 VIII.
947 4021 1033 4076 Miror
1048 4026 1155 4084 tamen,
1180 4020 1255 4090 quod
1280 4022 1322 4074 vir
1341 4020 1427 4074 doctus

326 4104 450 4178 genuiua
466 4106 568 4178 scripta
586 4123 644 4162 non
660 4121 678 4160 a
695 4103 844 4175 suppositis
860 4104 986 4159 seiunxit:
