3056 4968
616 431 675 495 ssa

543 513 751 526 ———4·

73 606 136 672 slas
168 629 276 674 vocas
305 607 415 695 apicas
434 609 619 675 Doricasve
645 631 705 696 per
733 607 942 675 librariorum
970 629 1096 674 errores
1117 607 1203 674 falso

70 704 189 770 illatas
215 741 260 755 —-
286 716 322 774 ut
351 707 444 772 verbi
473 729 572 776 eausa
594 709 701 774 Prom.
724 714 783 778 428
796 710 820 786 ⁴)
851 707 1000 772 codicum
1022 709 1202 793 scriptura:

71 791 112 878 ὃς
146 798 227 876 αἰὲν
262 797 487 889 ὑπείροχον
518 802 640 883 σθένος
670 799 830 889 κραταιόν
865 803 1019 880 abhorret
1047 806 1091 872 ab
1120 807 1201 872 anti·

72 903 243 990 strophae
262 925 293 969 v.
318 910 394 973 433:

207 999 365 1079 κελαινὸς
377 996 494 1080 ’Ἄιδος
513 996 548 1067 rl'
570 998 762 1086 ὑποβρέμει
781 999 884 1085 μυχὸς
904 1004 972 1084 γᾶς.

5 1129 7 1136 ·
71 1099 154 1164 itam
179 1099 268 1166 Oed.
290 1100 329 1167 R.
348 1109 443 1170 14511:
466 1095 545 1165 ἀλλ’
570 1097 610 1168 ἐόι
630 1125 673 1183 με
695 1095 802 1166 ναίειν
824 1094 989 1186 ὄρεσσιν
1009 1095 1097 1166 ἔνθα
1119 1094 1201 1189 κλῄ-

72 1193 168 1274 ζεται
191 1219 266 1264 vox
284 1191 415 1282 ὄρεσσιν
437 1205 617 1291 corrumpit
637 1203 818 1267 trimetrum
835 1198 1010 1267 iambicum
1034 1235 1071 1250 -
1102 1210 1134 1265 et
1155 1200 1200 1266 ad

72 1297 256 1364 nonnullas
287 1319 385 1365 voces
408 1300 450 1366 ab
471 1299 583 1366 Attica
610 1300 750 1366 dialecto
776 1299 898 1365 alienas
927 1299 1072 1366 tuendas.
1116 1301 1200 1366 Nam

73 1397 149 1480 quis
163 1406 219 1462 cst
229 1432 273 1446 --
287 1407 323 1462 ut
333 1398 427 1464 huius
443 1421 569 1486 queque
584 1401 713 1486 generis
728 1399 908 1464 adiciamus
925 1398 1075 1486 exempla
1088 1433 1130 1448 ·-
1144 1402 1199 1488 qui

72 1497 221 1574 μοῦνος,
248 1495 368 1575 ξεῖνος,
399 1493 520 1578 μέσσος
550 1497 711 1565 vocabula
738 1501 773 1562 in
799 1497 929 1582 volgari
946 1495 1200 1564 ¹Atheniensium

75 1616 235 1660 sermone
256 1594 344 1661 nullo
366 1606 463 1684 pacto
484 1598 618 1664 ferenda
635 1600 673 1662 in
695 1599 897 1684 supicionem
919 1618 1037 1660 vocare
1056 1605 1200 1679 conetur,

73 1714 151 1756 cum
172 1691 335 1779 legitimis
348 1695 532 1762 Atticorum
548 1697 661 1762 formis
676 1698 833 1762 restitutis
852 1697 967 1780 ingens
981 1695 1199 1760 trimetrorum

73 1813 237 1856 numerus
258 1803 372 1879 pereat
393 1817 525 1860 neeesse
547 1794 614 1860 sit?
643 1795 689 1860 At
709 1793 1119 1860 vehementercavendum
1141 1801 1199 1876 est,

73 1911 124 1967 ne,
147 1890 245 1976 quod
269 1892 365 1958 nobis
386 1895 517 1980 copiam
534 1893 634 1958 faciat
656 1893 859 1960 diversarum
880 1892 1057 1956 formarum
1080 1891 1198 1977 eligen-

75 1986 200 2056 darum
221 1997 360 2056 streete
379 1991 664 2078 disponendarum,
687 1992 722 2056 id
737 1992 941 2078 potissimum
958 1991 1053 2054 etiam
1070 1999 1199 2076 poetam
1245 2071 1248 2080 Α

77 2086 282 2154 arbitremur
297 2090 346 2154 -ad
368 2090 548 2176 quamlibet
569 2091 712 2156 cuiusvis
734 2089 864 2154 dialecti
885 2089 1023 2154 formam
1040 2109 1199 2174 usurpan-

77 2184 155 2250 dam
179 2191 416 2268 commovisser
444 2192 539 2276 quasi
560 2190 622 2258 hoc
650 2188 764 2261 deceat
785 2211 899 2254 varum
927 2199 1074 2274 poetam,
1104 2189 1199 2252 mebi

75 2285 222 2352 vinculis
235 2286 425 2357 obstrictum
443 2311 556 2354 versus
569 2310 714 2376 pangere
733 2309 798 2352 non
814 2310 921 2375 posse,
932 2289 1002 2352 nisit
1016 2287 1197 2352 diversissi-

77 2384 139 2448 mis
161 2384 336 2451 vocabulis
353 2387 428 2452 binc
449 2397 480 2452 et
498 2387 587 2452 illinc
606 2388 706 2453 anxie
722 2386 935 2474 congerendis
960 2397 994 2451 et
1013 2384 1196 2452 miscendis.

78 2480 181 2548 Cuius
206 2507 334 2571 pravae
353 2488 517 2573 opinionis
540 2484 636 2568 facile
658 2486 732 2572 quis
751 2509 825 2550 reos
846 2487 959 2552 fecerit
981 2508 1036 2552 eos
1064 2485 1119 2572 qui
1141 2493 1197 2550 aut

78 2603 292 2650 numerorum
312 2587 506 2650 varietatem
534 2584 781 2678 angustioribus
803 2584 1105 2650 circumscribentes
1125 2583 1195 2648 fini-

79 2675 141 2744 bus
163 2682 436 2752 reconditissimis
456 2683 564 2765 verbis
586 2682 762 2748 inferendis
784 2685 940 2749 maiorem
962 2684 1105 2748 afficiunt
1125 2706 1197 2748 ver-

80 2799 175 2844 suum
196 2780 401 2866 elegantiam·
423 2805 522 2870 quam
548 2783 613 2868 ipsi
635 2790 752 2867 poetae
774 2781 903 2847 efficere
923 2782 1109 2864 volucrunt,
1140 2790 1198 2848 aut

80 2879 327 2962 aequabilitatis
349 2881 446 2946 nimis
470 2880 606 2949 conosi
628 2901 837 2966 quaecunque
857 2880 961 2946 verba
985 2882 1113 2945 rariora
1133 2901 1198 2946 non

79 2979 268 3044 necessario
289 2981 383 3044 metri
411 2979 538 3064 legibus
567 2978 783 3064 postulentur,
815 3000 853 3042 ea
875 2978 1079 3066 aequabilius
1101 3001 1197 3066 quarn

81 3077 218 3161 aequius
242 3100 315 3143 cum
335 3079 447 3143 formis
469 3077 660 3163 volgaribus
679 3085 891 3160 commutant3
922 3101 983 3164 quo
1005 3079 1040 3141 in
1062 3099 1196 3141 numero

80 3171 219 3259 insignis
257 3179 382 3242 exstitit
415 3176 643 3242 Atticistarum
680 3185 819 3242 sectator
855 3175 1082 3240 Blomfieldius.
1136 3174 1191 3240 Sic

82 3273 190 3353 petius
226 3257 431 3342 statuendum
460 3288 523 3358 est,
554 3273 647 3343 binas
681 3297 913 3362 saepenumero
942 3275 1063 3340 formas
1090 3275 1196 3360 poetis

79 3373 216 3456 tragicis
236 3397 297 3460 pro
313 3378 401 3440 omni
425 3396 499 3440 cum
519 3377 692 3439 universae
707 3376 787 3439 artis
801 3375 949 3459 poeticae
964 3372 1196 3438 consuetudine
1253 3441 1255 3448 ,

82 3475 148 3534 tum
171 3473 254 3538 artis
276 3473 422 3562 tragicae
442 3475 567 3559 origine
589 3493 628 3538 ac
649 3482 776 3552 natura,
799 3471 839 3536 de
862 3495 926 3559 qua
946 3471 1031 3536 infra
1052 3471 1195 3536 breviter

83 3564 285 3654 disputaturi
320 3593 448 3654 sumus,
480 3573 666 3660 propositas
696 3571 812 3636 fuisse:
849 3571 983 3636 alteram
1013 3569 1192 3656 vulgarem,

83 3669 244 3748 poeticam
267 3671 413 3736 alteram.
455 3670 527 3736 Iam
550 3669 821 3760 quemadmodum
848 3671 883 3734 in
905 3669 1102 3735 carminibus
1125 3668 1192 3734 Ho-

83 3768 212 3834 mericis
251 3771 364 3836 variae
400 3770 544 3836 eiusdem
578 3769 730 3837 'vocabuli
769 3767 894 3834 formae
928 3775 977 3849 (v.
1005 3789 1031 3832 c.
1062 3760 1191 3851 κάρητι,

85 3913 290 3934 *Q—

147 3995 176 4064 4)
193 3997 331 4055 Dindorfii
348 4000 487 4072 sequimur
504 4001 638 4076 editiones
655 4000 685 4054 in
701 4000 834 4072 Aeschyli
850 4004 879 4056 et
897 3999 1054 4072 Sophoclis,
1076 3999 1194 4078 Nauckii

83 4081 268 4138 mesanonem
283 4085 313 4140 iu
330 4083 470 4156 Euripidis
486 4081 597 4142 tabulis.
