3148 4958
672 418 709 484 st

588 501 797 509 ———----—-

133 598 254 664 codicis
278 597 475 684 scripturam
498 603 647 682 proxime
673 593 809 662 accedit.
832 595 992 676 ·--,Quod
1011 595 1174 664 formandi
1195 619 1248 684 ge·

130 721 190 762 nus
202 697 251 762 ita
266 696 499 783 explicandum
521 717 592 762 esse
614 716 739 776 censeo,
762 703 800 760 ut
820 719 850 759 v.
867 717 893 760 c.
915 685 1085 768 in’lli'lav
1107 695 1248 763 themate

132 797 299 882 digamma
330 797 450 860 amisso
480 817 495 857 e
524 805 659 881 propter
687 815 723 856 ια
745 793 876 859 vocales
897 815 981 880 quae
1009 807 1184 881 sequuntur
1207 819 1247 860 ex

131 894 287 980 analogia
315 893 572 960 derivativorum
599 903 636 958 ut
668 885 817 974 isis-tog
846 916 905 980 pro
935 890 1084 976 loys-tog
1110 896 1247 982 ejectum

132 996 181 1078 sit,
205 994 295 1081 quod
322 996 357 1058 in
378 993 451 1060 aliis
473 1015 601 1081 quoque
621 993 812 1061 derivativis
841 993 1056 1058 thematorum
1076 995 1111 1058 in
1136 995 1158 1056 F
1176 1005 1208 1060 et
1230 1017 1249 1058 o

131 1093 255 1158 factum
278 1115 350 1158 esse
370 1092 529 1175 vidimus,
560 1103 596 1158 ut
616 1087 812 1174 βασιλ-ικός
832 1087 984 1175 yso-sads.
1026 1091 1076 1156 Ac
1102 1115 1249 1178 praeser-

132 1195 190 1258 tim
212 1196 248 1256 in
267 1184 483 1275 Ἀλωιάδαι,
506 1195 597 1280 cujus
622 1194 823 1279 primitivum
846 1192 982 1258 alteram
1006 1192 1153 1258 vocalem
1175 1205 1249 1258 ante
1304 1247 1312 1266 .

133 1315 148 1356 s
169 1292 339 1379 praebeat,
359 1292 422 1358 hoc
443 1291 598 1359 facillime
617 1293 690 1358 fieri
710 1294 824 1378 potuit.

214 1396 245 1474 ὅ.
268 1398 316 1460 32.
349 1391 378 1456 Ε
401 1392 553 1458 thematis
575 1394 665 1478 puris
687 1395 722 1458 in
743 1414 765 1454 α
788 1400 820 1456 et
840 1413 869 1474 o,
892 1414 1030 1478 quorum
1051 1393 1249 1479 paenultima

135 1515 151 1556 e
173 1490 377 1577 diphthongo
398 1513 472 1556 cum
493 1513 507 1553 ι
528 1494 707 1579 composita
728 1500 866 1573 constat,
889 1495 1115 1578 patronymica
1129 1495 1250 1558 usitata

135 1592 261 1656 ratione
289 1589 487 1656 derivantur.
531 1589 597 1656 Sed
626 1602 661 1656 ut
682 1592 820 1656 creticus
848 1592 882 1656 in
903 1591 967 1656 fine
988 1614 1100 1658 eorum
1121 1594 1249 1678 vitetur,

135 1700 189 1754 aut
211 1711 244 1766 ε,
278 1691 307 1754 si
335 1689 466 1778 quidem
497 1690 697 1777 paenultima
725 1689 878 1756 thematis
909 1714 951 1756 ex
980 1712 1011 1754 ει
1047 1691 1249 1778 diphthongo

136 1798 271 1872 constat,
300 1791 374 1874 inp
404 1790 612 1876 producitur,
640 1801 697 1857 aut
726 1815 738 1853 ι
769 1791 873 1856 altera
900 1791 1099 1876 paenultima
1127 1791 1250 1858 vocalis

136 1889 231 1975 plane
252 1888 392 1954 eliditur.
435 1889 543 1975 Atque
565 1892 685 1977 prioris
711 1891 840 1978 quidem
865 1889 1068 1957 formationis
1090 1891 1171 1956 haec
1194 1915 1249 1958 ex-

136 1989 243 2076 empla
266 1998 353 2054 sunt:
376 1982 590 2075 Αὐγηιά-δης
613 1992 642 2050 Β
662 1995 737 2070 624,
761 1988 848 2076 qnod
870 1987 912 2052 ab
936 1981 1069 2071 Αὐγεια
1098 1989 1249 2072 themate,

137 2099 167 2152 et
183 2081 391 2174 Βαρηιά-δαι
412 2090 510 2154 Anth.
530 2089 590 2172 IX,
608 2096 679 2170 550,
700 2089 788 2173 quod
808 2112 830 2154 a
843 2089 954 2172 Βορεα
974 2089 1027 2154 vel
1042 2092 1167 2172 Βορεια
1182 2089 1249 2154 the-

136 2197 219 2254 mate
241 2188 425 2254 derivatum
452 2200 511 2256 est.
534 2227 574 2236 -
596 2187 740 2254 Alterius
771 2187 974 2254 formationis
1005 2187 1174 2278 complura
1195 2211 1250 2254 ex·

137 2296 222 2352 amnt
244 2289 411 2374 exempla:
719 2291 725 2297 ’

216 2389 534 2467 Aeeta-oae1)Luor.
558 2388 655 2474 Verg.
678 2386 739 2454 Ov.
761 2387 858 2454 Anth.
882 2388 1037 2476 Oppeto.
1059 2389 1101 2454 ah
1124 2381 1250 2454 Αἰνεια

136 2488 291 2564 themate;
320 2478 538 2552 Ἀνθεά-δαι
555 2489 601 2566 ,(ἱ.
630 2510 656 2552 e.
688 2487 1009 2570 Halicarnassenses)
1042 2489 1089 2555 St.
1117 2489 1197 2575 Bya.
1227 2513 1250 2556 s.

134 2579 327 2673 Ἀθηναῖοι
334 2635 343 2670 ,
366 2589 457 2676 cujus
479 2588 679 2674 primitivum
706 2579 877 2664 Ἀνθείας
898 2588 950 2654 vel
972 2581 1128 2665 Ἀνθέας
1149 2590 1250 2656 tuisse

136 2687 272 2754 videtur.
317 2686 515 2774 Saepissime
537 2689 623 2752 enim
645 2690 711 2774 jam
732 2690 766 2752 in
788 2689 963 2774 primitivis
986 2711 999 2752 ι
1021 2689 1145 2756 vocalis
1170 2691 1250 2754 elisa

137 2797 199 2870 est,
227 2797 265 2851 ut
285 2788 319 2850 in
338 2778 511 2868 Ἀνδρέας
531 2787 573 2852 ah
597 2778 777 2870 ἀνδρεῖα-ς,
805 2783 955 2866 Ἀντέας
981 2788 1023 2854 ab
1044 2781 1206 2866 doario-m
1235 2811 1252 2852 a

137 2896 168 2950 et
189 2909 211 2950 α
232 2889 268 2951 in
294 2895 316 2948 ᾶ
344 2896 511 2952 contracta
538 2888 666 2952 suntin
685 2888 821 2972 Δημᾶς,
851 2911 892 2952 ex
914 2911 977 2976 quo
1000 2889 1181 2954 derivatum
1203 2899 1252 2954 est

136 2976 342 3073 Λημᾶὅνςῖ).

205 3271 230 3336 1)
247 3267 333 3340 Verg.
352 3269 424 3322 Aen.
444 3267 486 3322 IX
506 3271 555 3322 653
578 3265 679 3338 legitur
696 3267 810 3335 Aeetida,
833 3283 888 3336 quo
909 3267 1019 3322 nomine
1031 3266 1108 3322 Iulus
1130 3271 1250 3340 appella·

138 3357 194 3424 tur3
211 3369 297 3424 quam
314 3351 431 3406 formam
453 3355 550 3406 contra
572 3369 695 3408 normam
712 3349 816 3405 factam
833 3349 964 3406 Heinsius
982 3359 1011 3406 et
1027 3353 1204 3408 Burmannus
1222 3355 1251 3408 in

138 3435 261 3492 Aeetida
277 3441 465 3500 mutaverunt,
483 3435 558 3507 quod
575 3436 620 3490 vix
638 3435 783 3492 tolerabile
796 3439 846 3490 est.
881 3435 953 3492 Nam
965 3438 1116 3492 secundum
1128 3455 1251 3492 normam

138 3521 264 3588 Aeneade
274 3520 451 3576 formandum
461 3525 529 3576 crat
564 3517 619 3576 Sed
637 3537 699 3574 cum
717 3518 827 3576 Servius
845 3525 874 3574 ct
888 3519 1048 3578 Priscianus
1064 3522 1101 3592 H,
1121 3526 1152 3577 36
1171 3523 1251 3591 („Ae-

138 3607 214 3660 aida
230 3606 321 3674 asapia
344 3613 442 3660 contro
462 3605 586 3675 rapidam
602 3605 765 3659 auctoritate
785 3606 895 3674 poetica
910 3609 1006 3677 posuit
1030 3606 1179 3676 Vespils'ua,
1197 3625 1211 3661 e
1228 3615 1253 3661 et

139 3707 157 3742 o
173 3697 319 3760 correptae
340 3690 370 3742 io
394 3689 407 3741 ν’
424 3691 591 3760 productam
613 3697 768 3746 conveneras
792 3690 835 3744 uel
852 3693 934 3760 quasi
955 3694 990 3746 uh
1007 3692 1113 3746 Maus
1132 3691 1252 3746 Aonides

138 3773 206 3827 aaut
223 3793 241 3828 a
257 3773 356 3830 Peleus
376 3773 520 3842 Pelidea‘h,
535 3772 688 3844 Vergihum
703 3773 743 3828 ita
761 3774 901 3844 scripsisse
920 3779 1065 3844 testentur,
1083 3775 1153 3830 nihil
1170 3777 1251 3830 corri-

140 3859 259 3926 gendum
277 3862 329 3914 est.
363 3857 461 3912 Potius
483 3875 545 3912 cum
561 3857 715 3930 Forbigero
737 3859 892 3926 statuerim,
910 3859 963 3913 hoc
981 3859 1042 3914 loco
1065 3859 1099 3914 de
1117 3860 1253 3914 industria

141 3944 170 3994 ut
181 3940 271 3996 lulum
289 3939 460 4014 significaret
477 3959 496 3996 a
512 3939 634 4014 regulari
650 3939 815 3996 formatione
832 3947 944 4014 poetam
961 3943 1113 3998 recessisse.

205 4028 233 4094 2)
251 4033 284 4082 E.
296 4034 342 4082 Μ.
360 4045 388 4097 p.
406 4030 464 4095 265,
485 4030 515 4080 12
533 4027 663 4098 praehet:
682 4025 758 4095 „rimi
778 4032 828 4081 τοῦ
841 4031 956 4100 Δημέας
973 4033 1082 4097 γίνεται
1099 4029 1253 4101 Δημεάδης

141 4111 186 4161 καὶ
199 4110 271 4164 κατὰ
283 4115 447 4186 ᾳνναίρεσιν
457 4109 606 4183 Δημάδης·
626 4114 672 4164 καὶ
685 4106 805 4181 ὤφειλεν
823 4115 864 4174 εἰς
881 4112 914 4166 τὸ
929 4132 943 4178 η
960 4116 1095 4183 γίνεσθαι
1113 4111 1128 4182 ἡ
1145 4118 1253 4186 κρᾶσις,
