3070 4962
342 639 426 721 licet,
449 640 504 722 qui
528 635 695 718 adverbia,
718 645 890 722 postquam
907 643 1041 720 propter
1055 636 1188 703 schema
1201 637 1265 704 alia
1276 633 1374 702 ’ἁπλᾶ
1394 641 1451 706 alia

342 731 486 802 σύνθετο
515 759 586 803 esse
612 735 710 817 dixit,
739 737 770 799 in
800 736 927 820 species
955 755 976 798 a
1012 735 1249 821 significatione
1278 731 1452 827 appellatas
1514 823 1515 826 Ἴ

342 837 507 902 distribuit
527 837 644 920 viginti
666 857 734 916 sex,
758 855 840 920 quas
869 853 1060 898 enumerare
1081 845 1113 899 et
1142 836 1273 923 longum
1290 850 1327 906 et
1351 863 1451 928 super·

341 959 521 1002 vacaneum
542 944 606 1016 est,
633 957 736 1018 neque
763 953 956 1018 quemquam
983 931 1079 998 hodie
1102 956 1172 1000 esse
1200 947 1278 1023 puto
1316 941 1374 1026 qui
1393 949 1452 1006 toto

345 1058 482 1122 corpore
504 1045 600 1122 atque
622 1033 771 1098 omnibus
786 1031 970 1116 unguiculis
991 1041 1027 1096 ut
1043 1031 1159 1099 dicunt
1171 1059 1231 1122 pro
1252 1029 1309 1102 illa
1330 1061 1452 1104 nomen-

342 1135 467 1200 clatura
489 1133 645 1198 dimicare
667 1134 809 1196 animum
829 1130 971 1196 inducat.
1016 1130 1142 1211 Quodsi
1166 1137 1239 1222 quis
1259 1145 1371 1204 tamen
1390 1161 1453 1224 per-

346 1243 472 1300 severet
494 1231 661 1298 adverbiis
682 1255 725 1296 ex
746 1230 983 1316 significatione
997 1253 1114 1296 nomen
1126 1233 1303 1320 imponere,
1326 1239 1358 1302 ei
1381 1238 1453 1302 haec

342 1343 493 1420 quattuor
515 1355 636 1418 genera
663 1327 840 1395 sufficient:
865 1323 1001 1405 τοπικά,
1024 1316 1089 1392 ‘aiv
1118 1327 1243 1410 σχέσεις
1269 1327 1332 1398 εἰσὶ
1366 1337 1452 1419 τρεῖς,

285 1483 287 1486 .
341 1429 418 1522 ἢέν
438 1426 543 1515 τόπῳ,
568 1425 586 1516 ἡ
610 1423 658 1506 εἰς
678 1420 804 1504 τόπον,
835 1423 855 1512 ἡ
880 1425 916 1492 ἐκ
937 1420 1070 1505 ednod,
1094 1426 1243 1514 χρονικά,
1269 1428 1452 1521 ποιότητος,

341 1525 537 1616 ποσότητος.
580 1530 698 1610 Quoad
725 1529 807 1594 haee
837 1528 1070 1615 scriptiuncula
1102 1532 1189 1596 intra
1213 1532 1454 1620 morphologiae

341 1633 421 1696 fines
443 1629 636 1712 versabitur,
656 1628 745 1692 nulla
766 1651 847 1715 opus
871 1630 934 1694 erit
953 1627 1185 1699 vocabulorum
1202 1631 1331 1697 illorum
1355 1633 1454 1698 distri-

341 1730 473 1796 butione
503 1751 607 1816 neque
636 1752 656 1793 a
684 1729 847 1793 schemate
874 1736 1003 1814 sumpta
1031 1749 1137 1816 neque
1165 1753 1185 1795 a
1214 1731 1455 1816 significatione.

341 1829 466 1894 Facem
488 1827 582 1894 nobis
605 1828 791 1915 praeferent
812 1851 925 1894 eorum
945 1831 1206 1912 terminationes,
1229 1854 1454 1920 nonnunquam

342 1931 439 1995 etiam
463 1918 552 2004 εἶδος
573 1928 659 2014 quod
682 1929 799 1992 dicitur
821 1927 1044 1994 auxiliabitur.

425 2027 487 2094 His
510 2050 594 2116 quae
615 2029 798 2092 necessario
822 2027 1062 2114 praemittenda
1082 2029 1279 2095 videbantur
1301 2029 1455 2098 absolutis

335 2130 407 2216 jam
429 2127 561 2192 adrem
583 2129 690 2215 ipsam
712 2127 834 2192 aooedo
856 2127 966 2192 statim
987 2126 1029 2192 ab
1052 2126 1218 2194 adverbiis
1239 2131 1275 2194 in
1290 2153 1358 2206 -ως
1378 2141 1455 2196 etro

338 2227 527 2294 cadentibus
550 2229 677 2294 initium
698 2228 853 2292 facturus.
1188 2223 1203 2258 '
