3056 4968
861 462 921 526 122

334 649 463 727 poetam
494 641 641 726 ignotum
674 640 725 718 (cf.
750 639 840 706 Suid.
870 664 895 706 s.
917 647 978 724 v.),
1010 632 1116 718 ὀκχέω
1145 662 1205 725 pro
1238 629 1321 715 ὀχὲιο
1350 637 1439 724 apud
1515 639 1516 710 ss

333 739 426 806 Pind.
449 739 500 806 Ol.
522 746 550 807 2.
572 749 611 808 74
632 750 663 806 ot
676 739 802 806 Gallim.
825 741 856 806 h.
878 741 912 804 in
932 740 955 806 J
957 763 1007 805 ov.
1030 745 1079 810 23.
1113 739 1163 806 Of.
1179 723 1279 804 etiam
1294 736 1435 823 Hesych.

336 862 360 906 s.
382 863 414 903 v.
436 830 580 921 ,ὀκχεῖν
603 841 729 926 φορεῖν,
752 831 888 917 1ὀχειν,“

397 944 424 1004 2.
447 937 566 1002 Notum
589 948 638 1004 est
659 941 790 1026 saepius
812 938 900 1026 apud
915 939 1059 1023 tragicos
1078 938 1145 1024 lagi
1159 929 1284 1015 ἱακχέιο
1300 945 1333 1000 et
1354 928 1445 1021 ἰακχή
1515 925 1516 952 ³

336 1059 395 1124 pro
417 1029 517 1115 ἱαχὲιο
540 1045 572 1102 et
594 1031 685 1122 ἰαχή,
711 1061 793 1124 quae
814 1037 973 1102 vocabula
996 1039 1075 1125 quin
1096 1037 1139 1102 ab
1159 1029 1243 1115 ἶάχω
1268 1035 1447 1102 derivanda

336 1138 401 1202 sint
429 1136 571 1202 dubitari
598 1159 664 1202 non
693 1147 806 1226 potest.
848 1136 923 1202 Meo
949 1147 1057 1202 autem
1084 1137 1204 1204 iudicio
1228 1128 1331 1214 ἰάχω,
1365 1135 1448 1223 quod

335 1239 369 1301 in
391 1235 588 1302 carminibus
610 1229 795 1302 Homericis
817 1244 929 1320 aperte
951 1236 1110 1322 digammi
1130 1237 1272 1321 vestigia
1296 1237 1449 1316 servavit,

337 1359 378 1400 cx
399 1334 511 1400 radice
531 1341 582 1396 fu
605 1335 656 1410 (cf.
679 1335 784 1402 Curtii
807 1334 846 1400 el.
870 1358 900 1420 p.
924 1341 995 1412 347)
1025 1344 1136 1400 natum
1157 1345 1224 1415 est,
1251 1357 1337 1421 quaa
1360 1333 1452 1398 simul

338 1436 465 1521 spirare
487 1445 518 1498 ct
540 1433 682 1500 clamare
703 1433 874 1520 significat.
917 1433 1045 1498 Etenim
1068 1457 1110 1498 ex
1131 1433 1244 1500 radica
1265 1439 1297 1496 F
1296 1455 1329 1510 α,
1355 1436 1383 1497 si
1405 1455 1452 1496 re-

339 1533 516 1620 duplicatio
533 1533 663 1598 additur
678 1547 710 1597 ct
722 1555 743 1610 χ
754 1533 1046 1615 determinativum,
1068 1533 1157 1621 quod
1174 1528 1304 1615 dicitur,
1328 1531 1454 1598 accedit

337 1633 389 1712 (of.
398 1627 481 1718 ψοίω
490 1626 643 1718 -ψὴχιο,
658 1625 753 1711 ομοὶω
762 1669 804 1678 —-
813 1625 934 1716 σμήχω,
943 1625 1030 1714 corici
1040 1671 1071 1680 -—
1085 1625 1454 1715 ορύχο),111Γι-Ὲά-χω,

339 1726 508 1817 Γι-Ῐα-χή
529 1741 588 1798 etc.
615 1753 675 1796 nec
697 1731 827 1813 dubito,
860 1733 938 1817 quin
966 1733 1064 1799 etiam
1085 1733 1228 1818 Dionysi
1257 1733 1455 1816 cognomina

331 1824 464 1912 ’Ἱακχος
483 1834 529 1912 (in
548 1830 682 1896 vasculo
703 1831 893 1898 Monacensi
914 1837 1027 1920 ¹¹·.3⁷3
1056 1830 1144 1917 apud
1165 1825 1452 1908 Iahnium‘loxog,

339 1932 427 2021 quod
456 1941 505 1998 est
526 1933 629 2019 satyri
650 1954 783 2014 nomen,
813 1931 945 2016 legitur)
964 1939 997 1996 at
1014 1923 1147 2007 Βάκχος
1174 1929 1238 1994 huc
1256 1931 1453 2016 pertineant,
1515 1961 1516 1964 ¹

340 2055 475 2120 quorum
496 2031 725 2117 etymologiam
748 2031 880 2098 Ourtius
902 2029 942 2096 el.
964 2051 1039 2118 pag.
1063 2034 1123 2096 506
1148 2027 1256 2094 adhuc
1274 2027 1453 2114 perobscu-

339 2154 408 2198 ram
432 2153 504 2195 esso
522 2130 687 2196 iudicavit.
717 2131 802 2194 Nam
824 2131 852 2194 si
873 2128 1123 2214 vetustissimam
1144 2127 1283 2192 formam
1303 2121 1455 2204 Fifoxog

340 2231 392 2296 vel
413 2223 586 2308 fifuaxog
606 2231 705 2294 fuisse
726 2239 892 2316 putamus,
922 2227 1017 2294 facile
1039 2225 1115 2293 inde
1137 2221 1302 2312 digammo
1326 2225 1454 2290 sublato
1515 2245 1516 2292 1

341 2330 392 2405 (cf.
417 2329 522 2396 Curtii
544 2325 582 2394 el.
605 2352 681 2415 pag.
704 2333 776 2406 506)
796 2320 943 2406 Ἴακχος,
976 2325 1234 2413 reduplicatione
1261 2325 1398 2411 dempta
1426 2333 1455 2388 ct

231 2469 233 2472 -
342 2429 505 2514 digammo
534 2429 566 2492 in
589 2430 612 2508 β
638 2425 835 2502 mutato(cf.
858 2427 963 2494 curtii
986 2426 1024 2492 al.
1047 2448 1122 2512 pag.
1145 2416 1456 2502 514-201Βᾰκχος
1515 2451 1516 2488 ς

341 2529 412 2592 ficri
434 2528 548 2615 potuit.
575 2519 727 2603 flfuxoe
747 2526 846 2610 igitur
871 2526 1032 2612 significat
1054 2525 1273 2606 clamatorem,
1296 2523 1456 2588 clamores
1515 2541 1516 2550 ³

343 2629 427 2692 enirn
450 2635 482 2690 et
496 2625 703 2690 iubilationes
719 2628 831 2712 quanti
845 2628 999 2692 momenti
1016 2627 1050 2690 in
1065 2624 1154 2690 cultu
1168 2624 1311 2708 Dionysi
1326 2622 1457 2702 fuerint,

343 2727 423 2792 satis
445 2734 557 2793 notum
579 2735 643 2789 est:
666 2725 705 2790 cf.
726 2725 862 2792 Prelleri
884 2723 1018 2812 mythol.
1035 2723 1095 2792 Gr.
1112 2723 1139 2790 Ι.
1161 2745 1236 2810 pag.
1247 2727 1314 2789 -523
1337 2720 1457 2786 atalia

343 2826 536 2911 cognomina
557 2825 611 2891 dei
627 2816 731 2900 Εὔιος-
750 2825 803 2903 (cf.
818 2815 971 2902 εὐάζων),
991 2815 1130 2907 Ἰοχχίης
1150 2823 1203 2900 (cf.
1218 2814 1304 2909 ὶϋχή,
1328 2812 1455 2897 iilam),

343 2918 502 3004 Βρόμιος.
535 2923 685 2990 Ceterum
709 2927 775 2988 iam
795 2924 924 3010 antiqui
942 2923 1147 3009 grammatici
1160 2913 1294 3000 Ἴακχον
1316 2919 1357 2986 ab
1371 2911 1457 2996 ὶοὶχω

343 3023 547 3104 derivarunt,
580 3033 615 3088 ut
645 3045 686 3086 cx
717 3021 945 3110 Etymologico
978 3043 1096 3106 magno
1123 3043 1196 3106 pag.
1226 3026 1298 3087 462.
1329 3025 1368 3086 49
1400 3041 1457 3104 ap·

344 3132 446 3210 paret.
488 3122 579 3186 Idem
598 3125 754 3187 transitus
778 3120 970 3208 simplicisx
990 3122 1024 3186 in
1044 3123 1225 3184 iuncturam
1247 3139 1287 3196 κχ
1303 3119 1402 3182 etiam
1424 3118 1456 3180 in

342 3215 510 3302 βρίακχος·
528 3215 717 3306 θηλυκῶςὴ
733 3215 850 3306 βάκχῃ,
871 3213 1049 3304 ἡβριαρῶς
1062 3211 1287 3296 ἰακχάζοοσα11
1303 3216 1455 3302 (Etymol

343 3345 385 3388 m.
411 3344 442 3406 p.
466 3326 534 3386 213.
558 3327 610 3398 26)
633 3321 841 3401 observatur,
868 3313 1013 3401 Βρίαχος
1035 3320 1119 3384 enim
1139 3319 1242 3403 satyri
1264 3337 1380 3381 nomen
1405 3315 1455 3379 bis

342 3421 463 3506 legitur
486 3421 519 3482 in
542 3419 683 3484 vasculis
707 3419 745 3484 of.
767 3407 898 3493 Miiller,
916 3418 1048 3484 Handb.
1064 3417 1093 3480 d.
1112 3415 1285 3482 Archaeol.
1307 3419 1336 3498 ᾗ.
1352 3417 1456 3483 385.’1

314 3530 376 3584 ‘et
409 3517 446 3584 O.
476 3517 501 3584 I.
531 3517 588 3582 Gr.
622 3524 702 3589 7465
735 3527 767 3582 ct
800 3523 889 3594 8227,
925 3517 1013 3604 quod
1046 3515 1240 3583 vocabulum
1269 3523 1380 3601 aperte
1416 3535 1457 3576 cx

342 3609 464 3700 βρί·11)
485 3612 564 3700 „dni
576 3619 632 3682 τοῦ
644 3610 799 3700 μεγάλου,
824 3613 881 3680 καὶ
896 3611 1039 3698 ἰσχυροῦ,
1064 3611 1121 3679 καὶ
1133 3613 1282 3693 χαλεποῦ
1303 3607 1457 3676 τίθεται(1

344 3717 512 3804 (Hesych.)
533 3727 565 3784 et
584 3723 694 3795 Γαχος
715 3711 927 3805 compositum
949 3725 1005 3781 cst.
1083 3751 1087 3760 .

373 3873 548 3881 ..-ω-...ἡ

394 3971 438 4036 42)
456 3968 519 4024 Hoc
530 3971 583 4040 βρί,
596 3965 671 4036 quod
683 3963 766 4018 etiam
777 3963 806 4016 in
820 3957 989 4034 Βρι-ἇρεας,
998 3958 1111 4034 βρι-αρό
1115 3981 1135 4026 ς,
1153 3959 1301 4032 βρι-ἡπυος
1313 3957 1450 4029 reperitur,

345 4069 407 4106 cum
425 4051 535 4114 Graeco
553 4051 614 4120 lpa-
639 4053 668 4104 et
685 4047 781 4104 indic-c
799 4063 868 4102 vasu
891 4045 937 4110 (cf.
957 4045 1046 4100 cintii
1067 4045 1101 4101 el.
1119 4063 1148 4115 p.
1169 4047 1213 4113 10)
1231 4047 1378 4116 cognatum
1394 4055 1450 4096 csse

344 4136 462 4190 videtur.
