3056 4968
865 465 923 526 144

794 546 881 554 -n—--
892 546 1001 553 .-ω-’-

339 638 562 705 Guilelmus
581 636 828 720 Consanus,
851 642 942 706 cuius
964 650 1030 706 tres
1050 640 1127 706 libri
1149 638 1193 704 ad
1211 639 1453 725 grammaticam

338 739 489 804 Latinam
505 747 698 826 spectantes,
719 741 851 806 etiamsi
865 742 898 804 in
913 739 1074 804 nonnullis
1089 762 1163 804 cum
1177 740 1250 803 viro
1267 736 1451 802 doctissimo

339 837 510 920 dissentio,
542 835 717 923 plurimum.
738 849 848 905 tamen
870 840 995 903 fructus
1017 837 1232 924 disputationi
1252 858 1345 902 meae
1367 835 1452 900 exbi-

338 937 485 1001 buerunt.
505 971 508 976 ·
527 935 677 1026 Insignes
699 961 776 1004 vero
805 941 929 1024 gratias
952 936 1118 1014 Corsseno
1144 945 1323 1024 propterea
1344 935 1453 1015 debeo,

339 1033 427 1119 quod
445 1035 569 1121 petenti
589 1036 668 1100 mihi
696 1060 768 1102 eam
788 1037 864 1102 libri
892 1039 942 1101 sui
968 1036 1009 1101 de
1038 1038 1305 1124 pronuntiatione
1325 1033 1454 1120 linguae

340 1133 478 1198 Latinae
506 1143 650 1219 partem,
681 1159 765 1223 quae
795 1139 911 1202 iterum
935 1138 1025 1224 typis
1056 1157 1230 1223 expressa,
1260 1133 1403 1198 nondum
1425 1134 1456 1196 in

339 1233 444 1298 lucem
464 1231 603 1319 prodiit,
623 1235 1055 1322 inspiciendamnconcessit.
1512 1225 1513 1234 ἵ

858 1479 891 1570 s.
914 1489 942 1549 2.

406 1628 636 1695 Vetustissima
670 1641 895 1713 monumenta,
928 1653 946 1694 e
977 1631 1093 1717 quibus
1126 1632 1254 1718 priscas
1285 1629 1455 1695 verborum
1514 1664 1515 1720 p

343 1729 466 1794 formas
505 1740 601 1816 atque
634 1733 830 1795 mutationes
865 1751 1116 1816 cognoscamus,
1148 1733 1184 1796 in
1215 1728 1455 1796 collectionibus
1514 1731 1515 1740 ’

342 1836 474 1892 exstant
494 1840 681 1894 veterum
702 1831 1041 1914 inscriptionum,
1069 1851 1152 1916 quae
1181 1851 1254 1893 cum
1276 1850 1398 1913 magna
1417 1849 1454 1890 ex

273 1945 279 1954 ·
344 1935 439 2012 parte
472 1949 510 1992 eo
541 1937 688 2015 tempore
723 1939 814 1993 ortae
848 1929 928 2010 sint,
966 1951 984 1992 c
1013 1951 1076 2014 quo
1110 1928 1269 1992 librorum
1303 1925 1454 2011 reliquiae

343 2025 386 2089 ad
406 2035 550 2090 nostram
574 2050 676 2114 usque
705 2037 844 2092 aetatem
870 2049 935 2092 non
956 2037 1188 2113 pervenerunt,
1222 2025 1324 2090 multa
1351 2047 1452 2090 serva·

342 2134 460 2189 verunt
493 2127 686 2214 antiquioris
717 2127 848 2213 linguae
884 2127 1025 2211 vestigia
1057 2147 1139 2213 quae
1171 2124 1260 2190 nullo
1290 2125 1356 2190 alio
1387 2123 1452 2188 loco

341 2222 502 2309 leguntur.

405 2322 591 2411 Sequuntur
620 2324 846 2410 scriptores
873 2325 1036 2410 priscae
1059 2323 1319 2405 latinitatis,
1344 2321 1451 2388 comici

345 2423 380 2486 iu
395 2423 510 2509 primis
524 2432 652 2509 poetae,
665 2427 720 2509 qui
731 2422 892 2487 vocabula
907 2421 1345 2509 vocabulorumquedormas
1363 2417 1451 2508 qnam

308 2565 311 2571 ι
345 2522 509 2585 artissime
529 2521 573 2586 ad
594 2521 816 2608 quotidianum
838 2543 934 2588 rmum
956 2520 1061 2607 qualis
1090 2531 1169 2585 trmc
1189 2530 1260 2584 erat
1281 2541 1452 2585 accommo-
1516 2531 1517 2554 ¹

345 2619 424 2684 dare
446 2619 601 2686 solebant

406 2718 536 2784 Deinde
558 2741 681 2784 summo
705 2742 777 2783 cum
804 2717 913 2783 studio
940 2720 1156 2806 antiquiorem
1189 2738 1372 2782 sermonem
1392 2715 1454 2778 imi·
1516 2729 1517 2732 ’

345 2821 432 2882 tatut
460 2828 510 2883 est
530 2818 767 2905 Vergilius,
795 2820 831 2882 in
861 2818 952 2882 ouius
979 2819 1139 2905 poematis
1165 2825 1323 2902 tanquam
1347 2813 1453 2879 tunda-

345 2925 453 2982 mento
473 2919 620 2982 nituntur
641 2919 842 3006 sequentium
863 2917 1069 2982 saeculorum
1081 2916 1191 2982 studia
1206 2916 1407 3002 antiquitatis
1425 2919 1452 2974 et

345 3014 389 3079 ad
410 3038 505 3104 quam
524 3017 733 3082 tractandum
751 3037 952 3103 magnopere
972 3039 1033 3082 nos
1055 3016 1190 3081 adiuvat
1211 3015 1364 3080 codicum
1378 3012 1448 3077 Ver·

347 3115 560 3200 gilianeorum
580 3118 793 3202 praestantia

409 3214 494 3279 Tum
526 3237 591 3282 non
623 3215 819 3302 neglegendi
854 3223 931 3280 sunt
964 3215 1188 3280 commentarii
1221 3210 1454 3299 grammati·

348 3335 501 3396 corum,
524 3315 579 3401 qui
601 3314 780 3380 efontibus
801 3314 980 3380 hauserunt
999 3335 1058 3400 per
1079 3322 1262 3400 temporum
1276 3314 1454 3397 iniquitates

346 3435 432 3477 nunc
452 3412 599 3499 perditis.

411 3511 536 3576 Summi
561 3511 701 3597 denique
727 3514 881 3577 momenti
911 3521 960 3578 est
986 3511 1240 3598 comparatio
1263 3517 1455 3596 cognata·

349 3633 432 3676 rum
458 3610 707 3696 linguarum,
740 3611 896 3696 equibus
916 3609 957 3674 de
979 3604 1309 3695 origiue'formarum
1331 3607 1454 3672 Latina·

349 3725 421 3774 rum
445 3712 644 3775 certissimas
666 3709 857 3797 plerumque
876 3709 952 3774 licet
973 3713 1173 3775 coniecturas
1189 3709 1310 3773 facere.

413 3808 539 3888 Quibus
561 3808 767 3874 adminiculis
790 3831 873 3896 quae
888 3807 1062 3874 diiudicari
1080 3831 1146 3874 non
1167 3815 1320 3894 poterant
1339 3809 1453 3872 ineerta

351 3906 545 3994 relinquere,
568 3931 667 3995 quam
686 3909 781 3994 vagis
802 3910 849 3972 uti
870 3906 1138 3972 hariolationibus
1158 3907 1268 3972 malui.

413 4005 506 4071 Haec
527 4008 659 4072 fuerunt
683 4006 724 4070 de
745 4006 936 4072 adiumentis
958 4005 1075 4093 quibus
1103 4009 1153 4071 usi
1175 4027 1319 4071 essemus
1339 4006 1371 4068 in
1391 4007 1448 4064 tots

351 4104 413 4169 hac
433 4105 653 4192 disputatione
674 4128 757 4194 quae
775 4106 926 4172 dicerem.
