3034 4964
856 437 900 502 48

321 615 355 678 in
381 637 443 678 usu
471 623 534 694 est,
562 623 716 701 apparet:
750 615 896 702 Theogn
927 623 983 686 561
1016 610 1195 680 inebrians
1221 619 1295 682 861:
1322 611 1422 676 δοῦναι

321 718 380 779 577
403 713 526 778 θεῖναι.
558 719 612 779 771
646 707 822 780 δεικνύναι.
844 753 882 762 -
917 715 967 781 Of.
989 713 1065 780 Sim.
1089 720 1123 797 3,
1148 722 1159 780 1
1194 707 1354 778 τεθνάναι
1371 725 1422 778 etc
1498 773 1499 798 ,

320 811 496 886 Praeterea
517 811 699 898 singulares
716 813 869 880 infinitivi
888 815 1012 880 formae
1030 811 1333 878 commemorandae
1348 821 1422 877 sont:
1498 863 1499 868 1

322 909 465 996 Theogn.
481 915 540 979 286
556 907 659 990 ascari
673 913 785 976 τιθεῖν
800 908 938 980 ἐθέλων.
961 913 1106 998 Theogn.
1126 919 1183 980 104
1199 913 1256 975 τοῦ
1274 909 1424 992 μααδολι

222 1087 225 1093 ¹
323 1005 457 1085 ἐθέλοι,
484 1032 580 1098 qnam
601 1010 818 1078 Buttmannus
840 1013 983 1078 restituit
1004 1035 1065 1100 pro
1088 1013 1267 1098 corruptis,
1300 1013 1425 1097 quaein
1498 1055 1499 1066 ι

321 1107 415 1174 libris
438 1119 582 1174 exstant:
609 1113 666 1174 rob
687 1109 892 1189 μεταδούναι
913 1106 1013 1176 θέλοι
1033 1114 1068 1176 in
1091 1111 1134 1194 A,
1153 1113 1214 1174 τοῦ
1234 1107 1322 1193 μέγα
1343 1101 1423 1174 boir’
1498 1103 1499 1144 l

323 1202 442 1272 ἐθέλοι
476 1210 511 1274 in
543 1207 766 1293 bdefhlmn,
799 1211 858 1272 τοῦ
888 1204 1036 1292 μεγάλου
1065 1209 1181 1276 δοῦναι
1199 1205 1310 1273 ’θέλει
1335 1211 1366 1276 in
1392 1207 1425 1289 Ο,
1498 1221 1499 1306 J

323 1304 440 1370 δοῦναι
462 1302 558 1371 θέλει
576 1304 615 1372 τὸ
636 1303 722 1398 μέγα
741 1310 777 1374 in
795 1308 827 1374 Κ
849 1303 977 1387 (ἐθέλοι
998 1312 1096 1374 etiam
1117 1311 1151 1374 in
1173 1311 1275 1396 egil;
1302 1331 1373 1372 narn
1392 1306 1428 1370 de

322 1430 358 1471 αι
380 1417 455 1472 ante
476 1401 597 1470 ἐθέλοι
618 1407 697 1472 eliso
727 1409 865 1493 cogitari
887 1429 953 1474 non
979 1431 1076 1497 posse
1098 1409 1335 1474 demonstravit
1351 1406 1425 1471 iden

323 1509 374 1572 vir
402 1506 554 1582 doctus.⁴)
602 1506 748 1592 Theogn.
784 1511 861 1574 1329
892 1518 999 1574 autem
1030 1501 1094 1572 Σοί
1118 1530 1160 1572 ,τε
1190 1505 1308 1571 (loboris
1336 1499 1427 1568 καλόν

274 1650 276 1654 -
324 1602 394 1671 aare
414 1605 578 1690 Bergkins
601 1607 734 1692 scripsit
760 1629 820 1692 pro
847 1597 976 1672 otoma’
1000 1601 1049 1672 ἔτι
1074 1605 1194 1692 καλοίη
1223 1604 1427 1694 praeferenda

324 1716 433 1796 tamen
454 1705 699 1772 estHermanni
712 1705 890 1793 simplicior
906 1707 1091 1774 emendatio
1107 1699 1235 1772 osooa'
1258 1700 1309 1770 ἔτι
1323 1698 1427 1782 καλόν,

323 1805 420 1872 modo
441 1805 584 1872 elisionis
607 1807 735 1890 signum
756 1827 935 1872 removeas.
964 1805 1146 1872 Infinitivus
1167 1806 1215 1888 ibi
1234 1807 1427 1872 necessarius

324 1916 374 1972 est
409 1914 543 1992 propter
578 1904 762 1976 membrum
796 1906 997 1991 oppositum:
1032 1900 1111 1986 ἐμοί
1142 1898 1173 1969 τ’
1210 1898 1269 1970 οὐκ
1306 1898 1428 1988 αἰσχρὸν

323 1999 440 2089 ἐρῶντι
455 2003 466 2089 ΔΙ
482 1995 622 2069 αἰτεῖν.

388 2103 516 2185 Quibus
539 2125 581 2170 ex
602 2102 772 2170 infinitivis
792 2103 903 2167 πιθεῖν
932 2115 964 2168 et
990 2101 1108 2167 διδοῦν
1133 2105 1266 2171 formati
1295 2101 1428 2168 suntad

324 2203 510 2290 analogiam
542 2202 716 2268 verborum
754 2225 916 2290 purorum.
972 2203 1055 2269 Cum
1084 2207 1208 2270 aoristo
1245 2202 1332 2268 δοῦν
1360 2224 1428 2268 vero

326 2325 495 2390 compares
523 2301 646 2368 similes
667 2303 732 2386 φῦν
753 2311 785 2372 et
806 2303 865 2366 πῖν
892 2324 913 2367 a
933 2302 1130 2370 Parmenide
1156 2313 1349 2389 usurpatos,
1379 2299 1429 2364 ooo

325 2404 359 2466 in
380 2403 592 2488 inscriptione
614 2401 775 2467 Lesbiaco
796 2424 817 2466 a
839 2401 961 2468 Conaio
974 2404 997 2479 ⁵)
1022 2425 1127 2492 nuper
1152 2413 1303 2491 reperta3
1330 2405 1428 2490 ipsum

327 2497 406 2572 δοῦν
429 2499 518 2586 apud
532 2500 728 2569 Phoenicem
744 2499 981 2588 Colophonium
990 2503 1033 2584 (1,
1047 2509 1092 2570 211
1106 2501 1251 2568 delectus
1266 2500 1428 2568 Schneide

326 2601 470 2677 winiaui)
485 2599 631 2664 Naekius
652 2591 740 2666 recte
758 2602 895 2667 coniecit
909 2615 972 2687 pro
984 2600 1120 2686 volgata
1136 2603 1301 2689 scriptura
1322 2593 1356 2664 δ’
1373 2588 1429 2663 οὖν.

326 2698 413 2765 Nata
439 2707 488 2762 est
514 2696 596 2766 haec
624 2698 769 2768 formae
792 2693 940 2775 (lb-eros,
974 2696 1093 2764 dobras
1122 2700 1252 2766 abiecta
1265 2723 1318 2764 -αι
1344 2697 1430 2788 diph-

325 2795 492 2883 thongo.⁶)
914 2847 915 2850 η

388 2895 540 2968 Aoristus
567 2897 743 2976 verborum
765 2891 888 2980 δίδωμι
917 2908 949 2963 et
968 2897 1105 2984 τίθημι,
1139 2899 1194 2986 qui
1220 2921 1262 2964 ex
1284 2897 1429 2985 stirpibus

326 2995 528 3084 plenioribus
557 3018 577 3058 κ
600 3017 747 3066 ¹consona
773 2999 878 3063 auctis
906 2995 1008 3081 διο-κ,
1031 3000 1119 3082 θη-ιι
1147 2999 1198 3077 (cf.
1221 2999 1296 3064 Lat.
1318 2999 1429 3075 fao-io,

327 3092 415 3182 quod
433 3093 578 3161 eiusdem
599 3096 720 3162 radicis
741 3105 809 3177 est,
839 3119 911 3162 oum
935 3091 1076 3182 ·b'·p·x-o
1105 3097 1148 3163 of.
1169 3099 1297 3175 iae-io)
1323 3099 1431 3162 forma-

326 3195 429 3276 turi),
458 3215 522 3258 non
545 3194 641 3260 modo
662 3197 697 3260 in
720 3196 878 3282 singulari
898 3207 1091 3280 numerent
1109 3198 1253 3262 maxime
1274 3195 1361 3284 apud
1380 3194 1429 3258 At-

326 3293 424 3375 ticos,
455 3293 512 3358 sed
534 3295 632 3360 etiam
651 3295 687 3360 in
709 3294 829 3381 plurali
852 3306 949 3384 atque
972 3297 1011 3362 <in
1030 3295 1138 3361 medio
1158 3294 1252 3382 opudv
1268 3297 1364 3361 lonas
1383 3300 1430 3372 (ex

326 3389 530 3478 Hippocrate
550 3403 669 3458 annoto
690 3391 720 3458 E
742 3393 880 3462 111229.
905 3401 966 3464 230
988 3391 1186 3474 ξυνέδωιιοιν)
1206 3405 1239 3458 et
1254 3394 1428 3459 Homerum

327 3490 362 3556 in
383 3513 445 3558 usu
462 3499 527 3574 est,
557 3493 590 3556 in
613 3491 733 3580 plurali
755 3493 843 3581 apud
863 3494 965 3560 Doris
981 3517 1124 3583 ,quoque
1166 3493 1249 3558 Hn'o
1263 3494 1427 3580 pertinent:

378 3777 405 3842 4)
423 3791 538 3846 gramm.
557 3789 628 3830 max.
647 3773 670 3828 Ι.
688 3792 716 3844 p.
737 3777 786 3828 211
804 3780 862 3829 not.

378 3861 403 3926 5)
423 3859 514 3914 Conse
532 3859 630 3929 „Rene
648 3857 700 3911 auf
714 3857 763 3912 der
779 3859 853 3938 Insel
870 3859 1003 3930 Lesbos,“
1024 3861 1185 3929 Homeros,
1202 3863 1275 3915 1865.

379 3945 404 4010 6)
422 3942 541 4014 Propter
557 3941 715 4013 analogiam
733 3941 848 3997 aliarum
865 3943 1014 3998 formarum
1033 3940 1125 4000 sterio
1150 3950 1179 3999 et
1197 3945 1294 3998 λαλοῦν
1312 3957 1367 3995 non
1383 3939 1426 3991 hoc

329 4026 410 4080 modo
429 4027 606 4097 explicandas
624 4043 683 4080 esse
700 4025 826 4084 arbitror.
860 4027 916 4083 Res
932 4030 994 4100 ipsa
1010 4027 1068 4084 fere
1086 4029 1182 4084 eadem
1201 4034 1251 4083 est.

380 4111 405 4178 ι)
424 4107 545 4166 crunon
563 4115 604 4166 oo.
623 4115 681 4166 359.
