3088 4966
525 425 527 430 ⁵
602 469 662 531 aas

529 551 736 562 Μ

83 646 175 732 spes?
217 646 334 712 Melius
358 669 445 729 sanc,
470 649 594 733 opinor,
620 659 651 714 et
672 641 1034 732 librorum‘soripturae
1057 654 1088 709 et
1110 646 1188 710 scri-

81 749 177 832 ptoris
200 748 377 810 sententiae
400 745 602 812 consulemus
625 751 652 813 si
674 773 733 835 pro
750 741 882 821 πάντως
899 739 935 807 δὲ
952 737 983 806 oi
998 736 1189 829 Ἀθηναῖοι

82 845 252 912 scribemus
275 839 409 920 πάντως
431 839 468 906 δὲ
491 838 522 908 ol
545 841 704 930 κωμικοῖς
727 850 774 911 sic
794 853 827 912 et
842 841 1062 911 Choerobosoi
1085 847 1189 908 oratio

80 943 156 1008 bene
174 943 338 1032 procedit:
362 936 531 1026 „educat
554 968 613 1012 aon
625 951 718 1009 sotum
729 959 836 1026 poetae
853 947 955 1006 comici
970 941 1073 1004 diruat
1086 946 1191 1004 -etsi

80 1049 176 1104 torum
195 1057 322 1123 praeter
344 1055 454 1106 ceteros
479 1067 513 1106 aa
536 1049 584 1106 laco
606 1057 703 1107 est-
718 1051 770 1107 aad
791 1048 878 1106 etiam
887 1045 1190 1122 prosoescriptores:

79 1165 134 1204 truc
153 1167 205 1204 ars
225 1148 341 1224 tropica
362 1149 453 1204 oliam
474 1149 606 1224 sequitur
630 1145 794 1207 rationem“
816 1164 921 1229 neque
944 1139 1060 1227 reliqui
1082 1159 1189 1225 gram¹¹

79 1243 184 1305 roatici
206 1252 369 1328 pugnant,
391 1241 425 1305 hi
448 1242 541 1318 enim,
563 1245 710 1330 quimus
732 1253 781 1308 est
798 1243 1034 1322 Atticistarum,
1057 1239 1098 1304 ab
1114 1240 1188 1305 Ari·
1240 1309 1242 1316 ,

80 1340 233 1426 stephane
257 1351 288 1404 ot
310 1340 494 1406 oratoribus
514 1339 679 1406 Atticismi
701 1365 849 1408 normam
869 1350 998 1427 petunt3
1028 1339 1081 1404 ille
1103 1339 1189 1408 idem

78 1439 160 1521 facit,
184 1439 241 1504 sed
265 1463 363 1504 unam
386 1437 535 1526 adiungit
555 1443 789 1528 exceptionem.
821 1439 865 1506 At
884 1439 946 1504 hoc
968 1438 1097 1526 quidem
1120 1449 1191 1505 utut

79 1548 131 1621 est,
144 1540 355 1604 recentiorem
372 1547 403 1602 et
422 1537 589 1623 uolgarem
608 1542 910 1610 terminationem’a
931 1548 1043 1603 contra
1062 1560 1189 1604 omnem

78 1637 228 1702 librorum
253 1638 477 1702 auctoritatem
498 1640 601 1724 poetis
632 1641 766 1725 tragicis
795 1649 929 1726 propter
952 1660 990 1701 ea
1017 1635 1188 1702 obtruden-

79 1736 148 1800 dam
171 1759 243 1801 esse
265 1739 551 1818 grammaticorum
573 1750 752 1826 praecepta
774 1761 857 1824 quae
880 1737 920 1801 de
943 1737 1097 1801 universa
1123 1737 1188 1801 dia·

77 1835 155 1900 lecto
170 1835 289 1917 Attica,
304 1836 500 1900 comicorum
515 1837 664 1921 inprimis
682 1848 713 1902 ot
725 1848 899 1919 oratorum,
922 1835 1009 1900 diota
1031 1837 1104 1918 sint,
1118 1833 1190 1901 'non

78 1933 202 1998 disertis
227 1943 258 1998 et
281 1936 446 2019 expressis
469 1933 577 1998 verbis
605 1938 809 2022 tragicorum
839 1945 986 2023 spectare
1020 1946 1189 2000 consuetu·

80 2029 182 2098 dinem
207 2031 437 2118 significentur,
460 2055 613 2120 pernego.

594 2218 624 2297 s.
647 2221 675 2282 9.

104 2343 159 2408 Do
182 2343 364 2429 singulis
388 2344 633 2430 quibusdam
654 2352 856 2412 nominum
878 2353 916 2410 et
937 2345 1153 2410 verborum

261 2460 423 2524 formis:
445 2479 576 2537 -οισι,
601 2481 720 2524 -αισι
743 2465 883 2546 [-ῃσι];
904 2481 1009 2525 -ατο,

154 2609 436 2685 Terminationum
456 2629 572 2672 οισιν
595 2620 626 2674 et
648 2629 765 2674 αισιν
791 2633 869 2675 usus
898 2617 964 2674 tam
985 2609 1136 2696 frequens
1159 2623 1189 2674 et

78 2718 167 2772 notus
189 2717 240 2772 est
262 2729 334 2771 cum
360 2707 448 2794 apud
471 2731 581 2772 omnes
604 2719 719 2795 poetas
738 2707 883 2774 Graecos
901 2719 968 2773 tum
985 2711 1018 2771 in
1033 2708 1188 2796 Aeschyli

80 2807 247 2893 Sophoclis
269 2805 440 2892 Euripidis
468 2807 602 2889 fabulis,
635 2819 670 2872 ut
698 2808 738 2872 de
760 2807 811 2872 his
844 2807 1006 2894 copiosius
1030 2806 1190 2872 disserere

77 2903 158 2968 nullo
183 2903 278 2968 modo
303 2928 384 2992 opus
406 2907 456 2970 sit.
498 2905 637 2970 Multum
658 2907 810 2972 nimirum
831 2927 1040 2970 numerorum
1063 2907 1189 2992 elegan-

78 3003 152 3066 tiam
182 3001 311 3068 adiuvit
338 3003 524 3068 breviorum
560 3016 591 3069 et
617 3005 799 3091 longiorum
828 3006 1005 3070 formarum
1035 3007 1188 3088 varietas,

78 3121 155 3188 quae
181 3101 238 3166 illa
266 3112 374 3168 aetate
402 3105 462 3168 etsi
494 3105 528 3168 in
549 3105 621 3192 ipso
648 3106 737 3170 vitae
765 3103 948 3170 cotidianae
979 3125 1041 3168 usu
1069 3104 1189 3168 dudum

79 3203 254 3266 exstinctae
287 3211 395 3285 erant,
433 3227 452 3267 a
481 3203 617 3268 Platone
646 3213 816 3290 poetarum
847 3203 901 3268 illo
928 3202 1036 3266 multis
1074 3206 1108 3266 in
1140 3227 1188 3267 re-

77 3295 133 3362 bus
166 3302 330 3365 imitatore
362 3302 525 3366 interdum
563 3296 821 3390 usurpabantur,
858 3305 892 3366 in
924 3301 1189 3388 inscriptionibus

77 3417 173 3483 usque
197 3398 239 3462 ad
260 3397 432 3464 Euclidem
465 3402 651 3466 arohontem
680 3401 779 3466 scribi
803 3401 916 3478 solitae
941 3409 1025 3466 suut.
1039 3403 1080 3484 ⁸¹)
1123 3401 1189 3467 Sed

78 3493 116 3558 ob
140 3519 211 3562 eam
232 3501 338 3584 ipsam
360 3522 447 3583 rem,
483 3499 569 3587 quod
593 3499 643 3564 vel
669 3502 703 3564 in
731 3501 781 3564 his
804 3499 1085 3564 terminationibus
1109 3503 1189 3566 anti-

78 3597 206 3677 quitatis
239 3597 399 3684 quaedam
430 3599 556 3684 species
586 3608 618 3662 et
639 3600 785 3684 gravitas
809 3598 1016 3678 cernebatur,
1052 3599 1190 3664 formam

79 3693 172 3758 etiam
194 3697 403 3760 vetustiorem
432 3698 577 3781 petrin
599 3697 717 3762 sabulis
740 3697 858 3762 Atticis
885 3699 948 3762 nisi
968 3699 1001 3762 in
1021 3699 1190 3762 sententiis

81 3793 162 3876 epici
185 3793 301 3859 coloris
332 3817 371 3860 ac
397 3795 579 3882 splendoris
608 3797 712 3882 plenis
741 3820 806 3861 non
832 3799 983 3862 feremus.
1024 3797 1108 3860 Nam
1128 3801 1190 3860 atsi

79 3893 208 3956 minime
229 3895 426 3978 ignoramus,
449 3894 533 3958 hano
555 3917 682 3983 quoque
704 3898 841 3961 formam
865 3917 924 3982 pro
948 3895 1112 3959 artissima
1134 3895 1190 3959 illa

79 4025 227 4054 Μ’,

129 4124 171 4189 81)
190 4123 260 4180 Vide
277 4124 390 4178 Renner
406 4125 423 4180 l.
442 4141 466 4180 c.
483 4143 509 4196 p.
528 4128 575 4178 211
595 4142 636 4195 sq.

130 4217 270 4273 Curtius,
286 4221 388 4264 Studien.
404 4219 424 4263 2.
