3070 4962
865 431 924 492 146

334 601 561 693 ἰοστέφανος),
590 621 679 676 recte
705 609 850 676 dicemus
873 608 1096 695 Theognidem
1127 632 1200 674 cum
1222 609 1288 674 illis
1310 630 1352 673 ex
1373 629 1451 673 com·

235 779 239 790 ,
334 709 424 773 muni
452 709 539 774 fonte
566 712 675 796 poesis
707 712 819 797 spicae
827 759 835 792 ,
868 731 958 774 nunc
984 708 1113 794 quidem
1143 731 1208 774 non
1235 709 1302 772 iam
1331 716 1452 794 aperto,

333 830 448 872 vocem
469 800 674 893 ἰοστέφανος
696 809 854 890 hausisse,
882 809 946 872 nisi
976 807 1063 896 quod
1085 808 1208 872 hiatum
1231 827 1361 894 quoque
1382 805 1453 870 inde

337 909 469 994 recepit.
513 909 638 974 Eodem
661 909 756 973 modo
784 907 944 994 explicari
967 916 1074 992 potest
1096 907 1220 990 hiatus,
1248 907 1304 992 qui
1324 905 1363 970 fit
1384 914 1454 970 ante

336 999 426 1082 ἴδιος
447 1029 569 1073 vocem.

419 1107 506 1172 Num
527 1117 635 1172 tamen
657 1105 734 1172 inde
741 1155 749 1188 ,
781 1105 868 1191 quod
894 1105 1058 1192 reperitur
1085 1106 1247 1190 scriptura
1270 1095 1453 1188 εὐγεργεσίη

335 1207 369 1270 in
387 1209 512 1292 optimo
535 1206 646 1272 codice
672 1204 703 1268 A
730 1227 794 1270 vss.
818 1211 877 1272 548
899 1213 931 1268 et
954 1211 1028 1286 574,
1061 1226 1110 1268 vs.
1132 1209 1192 1271 413
1222 1194 1291 1283 μέτ’
1316 1191 1409 1278 οἶνος
1424 1204 1454 1266 in

335 1303 376 1379 A,
401 1297 472 1387 μέγ)
492 1293 582 1380 οἶνος
600 1303 709 1370 inKO
734 1327 794 1388 pro
814 1325 855 1382 με
870 1291 958 1378 οἶνος
979 1313 1010 1368 et
1030 1310 1092 1370 440
1105 1299 1215 1366 uidcor
1229 1305 1264 1366 in
1279 1301 1375 1368 AKO
1399 1325 1454 1388 pro

336 1395 441 1477 ἰδίων,
467 1403 562 1468 nobis
576 1403 778 1487 ,concludere
799 1403 896 1468 liceat
918 1402 961 1468 ab
983 1404 1055 1488 ipso
1077 1401 1268 1486 Theognide
1291 1402 1454 1488 digamma
1529 1457 1530 1473 .

335 1501 478 1566 litteram
501 1503 535 1566 in
555 1503 605 1566 his
629 1502 828 1567 carminibus
852 1505 1009 1588 scriptam
1025 1523 1127 1574 8888,
1157 1524 1240 1588 quae
1262 1501 1407 1568 Ahrensi
1427 1511 1456 1564 et
1529 1539 1530 1575 ,

336 1601 489 1685 Bergki1)
511 1603 620 1688 opinio
644 1624 716 1666 esse
738 1601 877 1680 videtur,
901 1599 1077 1666 admodum
1101 1599 1235 1665 dubium
1257 1610 1316 1666 est

423 1701 603 1781 Quominus
633 1703 717 1764 enim
745 1702 779 1764 in
801 1700 1006 1785 Theognidis
1029 1698 1229 1764 carminibus
1251 1699 1292 1765 de
1313 1701 1391 1765 vivo
1413 1699 1455 1764 di·
1529 1741 1530 1777 3

337 1810 503 1886 gammate
524 1802 711 1886 cogitemus,
734 1799 931 1886 impedimur
953 1799 1076 1864 eisdem
1098 1798 1168 1862 fere
1189 1800 1309 1880 causis,
1331 1821 1373 1863 ex
1390 1801 1454 1886 qui·
1529 1851 1530 1876 2

339 1901 399 1964 bus
422 1899 464 1964 ab
487 1899 639 1984 elegiacis
660 1902 777 1962 ceteris
805 1907 836 1962 et
857 1897 1103 1984 iambographis
1125 1897 1160 1961 id
1185 1885 1453 1962 abiudicavimus.
1529 1949 1530 1984 ,

338 2000 422 2064 Nam
457 2000 491 2064 in
519 1997 681 2064 nonnullis
713 1997 868 2084 stirpibus
897 2000 1052 2084 spirantis
1073 1999 1228 2082 vestigia,
1258 2019 1341 2085 quae
1369 1996 1455 2084 apud

336 2099 515 2164 Homerum
536 2107 673 2175 exstant,
694 2098 760 2163 iam
781 2118 846 2162 non
868 2106 1038 2184 apparent,
1060 2097 1098 2162 cf.
1123 2087 1203 2159 doto
1225 2120 1274 2162 vs.
1296 2101 1364 2165 785.
1388 2103 1455 2165 868·
1529 2141 1530 2178 ,

338 2190 438 2272 ἀσιὸς
454 2203 504 2264 61.
523 2202 588 2262 191.
603 2202 672 2263 739.
696 2191 781 2277 ἐρέει
804 2191 895 2277 (ἐρεῖ)
918 2202 967 2262 12.
980 2202 1047 2262 492.
1072 2186 1123 2282 ὂψ
1144 2202 1214 2264 532.
1237 2188 1335 2270 ἐλπίς
1358 2196 1453 2271 ³33²).
1529 2239 1530 2276 ;

336 2296 467 2362 Deinde
494 2297 529 2359 in
552 2295 679 2359 'eisdem
707 2295 843 2360 vocibus
872 2295 973 2361 multo
996 2296 1126 2380 saepius
1150 2317 1287 2381 prorsus
1309 2294 1454 2380 neglecta
1529 2353 1530 2356 ,

338 2418 436 2482 quam
451 2401 581 2460 servata
598 2403 656 2476 est,
677 2394 718 2458 cf.
742 2383 831 2469 οἶνος
856 2403 894 2470 et,
910 2387 1016 2457 εἰπεῖν
1031 2388 1146 2472 (ἔπος),
1170 2417 1309 2478 quarum
1321 2404 1454 2480 utraque

337 2518 401 2558 unc
428 2485 532 2558 solum
560 2493 632 2558 loco
663 2504 799 2580 excepto
828 2517 901 2558 cum
928 2493 1035 2559 vocali
1064 2493 1270 2558 'antecedenti
1305 2495 1453 2575 occurrit,
1529 2537 1530 2576 1

339 2605 451 2660 contra
484 2615 619 2678 prorsus
653 2592 804 2678 deposuit
837 2594 1008 2680 pristinam
1045 2595 1204 2680 speciem:
1228 2593 1296 2658 ‘illa
1316 2615 1366 2658 vs.
1385 2599 1452 2660 261.

338 2699 408 2759 497.
430 2696 499 2761 879.
525 2697 602 2758 1039
624 2700 682 2756 etc.
719 2691 815 2758 haec:
845 2699 894 2760 96.
922 2699 990 2759 414.
1014 2698 1090 2767 519;
1123 2699 1169 2760 16.
1195 2697 1241 2760 18.
1263 2699 1314 2760 20.
1336 2697 1385 2758 22.
1407 2693 1453 2756 87.
1529 2743 1530 2748 ,

342 2798 410 2858 150.
433 2797 502 2860 307.
525 2795 595 2858 414.
619 2796 687 2857 755.
714 2798 791 2860 1168
805 2785 921 2870 (ἔπος).
963 2791 1094 2856 Deinde
1115 2813 1157 2856 ex
1177 2791 1286 2856 multis
1307 2788 1452 2856 formulis

339 2899 477 2977 apparet
499 2888 723 2973 Theognidem
751 2913 878 2978 quoque
904 2914 938 2956 88
961 2891 1002 2956 ab
1024 2891 1162 2956 Homeri
1186 2891 1368 2957 imitatione
1391 2911 1452 2954 non

339 2990 545 3056 abstinuisse.
588 2987 739 3075 Denique
768 2991 865 3056 etiam
895 2988 983 3076 apud
1008 2988 1095 3054 hunc
1123 2989 1212 3054 nulla
1234 2987 1386 3075 exempla
1405 3010 1452 3051 re·

339 3091 507 3176 pariuntur
530 3087 677 3174 syllabae
698 3087 808 3152 brevis
829 3099 904 3154 ante
926 3089 1073 3154 vocalem
1096 3088 1294 3174 digammate
1318 3088 1451 3174 antiqui-

337 3200 390 3254 tus
425 3190 618 3254 instructam
650 3186 838 3273 productae.
880 3188 1071 3270 Praeterea,
1102 3191 1254 3274 quoniam
1275 3186 1450 3251 Dorienses

338 3290 467 3354 mitiore
489 3286 620 3352 dialecti
641 3287 749 3372 specie
769 3288 998 3372 usi„quorum
1026 3288 1061 3350 in
1088 3309 1222 3351 numero
1244 3285 1451 3370 Megarenses

338 3387 508 3469 habentur,
524 3407 543 3450 a
555 3388 666 3474 quinto
680 3385 747 3450 sere
759 3385 887 3451 saeculo
901 3385 1065 3472 digamma
1079 3408 1214 3472 prorsus
1228 3383 1451 3463 abiecerunt³),

338 3511 403 3552 non
424 3495 459 3551 ut
481 3488 625 3550 severior
644 3485 745 3550 Doris
766 3495 880 3570 postea
901 3487 935 3548 in
958 3487 980 3566 β
1001 3494 1180 3567 mutarunt,
1204 3481 1450 3548 dissimillimum

339 3599 388 3650 est
408 3587 479 3650 veri
500 3583 701 3670 Theognidis
729 3595 873 3670 tempore
901 3583 1067 3668 digamma
1088 3586 1123 3648 in
1144 3583 1260 3648 mediis
1285 3577 1448 3647 vocabulis

423 3869 448 3934 1)
465 3866 495 3919 in
514 3864 741 3919 annotationibus
759 3863 795 3918 ad
810 3864 861 3918 hos
873 3880 978 3918 versus.
1473 3933 1475 3938 ,

421 3952 448 4017 2)
467 3950 516 4004 ubi
533 3954 607 4004 certe
629 3965 686 4002 non
704 3965 772 4018 opus
794 3953 836 4002 est
852 3947 957 4019 Bergki
974 3945 1140 4016 coniectura,
1166 3944 1203 4002 cf.
1221 3945 1289 3999 Ahr.
1304 3947 1321 3998 l.
1339 3960 1362 3998 c.
1379 3956 1445 4014 pag.
