3088 4966
339 587 529 678 ἀρχαιικόν..
567 598 651 664 Tum
681 621 758 664 vero
788 620 889 684 supra
908 600 951 678 (ἓ.
973 603 1005 676 2)
1034 595 1273 662 demonstrasse
1302 592 1446 660 videmur

339 683 594 788 Aristophanem
614 719 679 762 non
701 719 829 784 semper
851 697 1007 782 optimum
1029 717 1101 760 esse
1129 697 1286 760 orationis
1306 695 1446 776 tragicae

341 805 505 860 auctorem
527 807 559 862 et
580 797 710 877 fontem,
733 797 963 880 grammaticos
986 804 1093 860 autem
1113 795 1197 858 tueri
1219 813 1447 877 nonnunquam

340 917 436 978 posse
450 894 551 960 libros
566 918 663 960 manu
677 897 817 981 scriptos
831 903 862 958 et
878 893 919 958 ab
934 895 1053 960 iniusta
1068 893 1251 978 suspicione
1268 891 1447 970 defendere,

340 994 373 1059 in
396 994 611 1078 suspicionem
625 1016 743 1058 vocare
761 1017 826 1060 non
837 1009 946 1080 'possa
960 994 1023 1058 nisi
1034 1001 1090 1056 aut
1104 993 1225 1076 apertis
1241 989 1353 1054 verbis
1366 990 1449 1074 ipsa·

341 1115 411 1156 rum
430 1092 672 1178 tragoediarum
688 1091 907 1178 explicaretur
924 1115 1001 1156 usus
1012 1100 1070 1156 aut
1083 1091 1238 1174 graviora
1251 1089 1450 1152 extrinsecus

342 1189 534 1256 accederent
555 1199 755 1275 argumenta.
786 1181 908 1254 Verum
930 1213 1008 1256 sane
1029 1200 1088 1271 est,
1109 1212 1129 1254 a
1150 1211 1359 1252 numerorum
1380 1208 1450 1250 con·

341 1289 467 1354 dicione
492 1289 574 1354 nihil
595 1291 629 1354 in
654 1289 803 1356 codicum
831 1290 1027 1376 scripturam
1053 1287 1238 1353 redundare
1266 1308 1372 1370 neque
1398 1285 1450 1348 ad·

341 1389 477 1452 iumenti
496 1409 601 1474 neque
623 1387 860 1474 impedimenti,
893 1386 950 1452 sed
980 1389 1052 1474 quis
1079 1395 1143 1468 est,
1176 1387 1233 1472 qui
1254 1385 1339 1448 adeo
1359 1385 1451 1448 metri

342 1487 480 1552 vinculis
500 1497 613 1572 poetas
635 1496 798 1569 coerceat,
826 1496 863 1550 ut
888 1489 983 1552 metri
1013 1507 1131 1550 caussa
1157 1484 1288 1570 quidvis
1311 1487 1359 1548 eis
1382 1507 1452 1548 con·

344 1586 452 1666 cedat,
483 1594 612 1672 praeter
644 1587 740 1650 metri
768 1587 995 1652 necessitatem
1024 1583 1203 1671 quidquam
1235 1583 1298 1647 sibi
1329 1605 1454 1646 sumere
1529 1621 1530 1624 =

342 1683 452 1750 vetet?
482 1683 570 1748 Nihil
589 1685 688 1770 igitur
709 1704 751 1750 ne
769 1694 836 1748 tum
859 1684 989 1770 quidem
1010 1683 1074 1751 illis
1096 1684 1296 1768 argumentis
1312 1682 1454 1746 efficere·
1529 1667 1530 1706 l

343 1795 412 1867 tur,
435 1785 463 1848 si
484 1806 561 1848 vere
583 1785 745 1868 scriptura
766 1777 868 1866 aeto,
898 1775 1003 1844 κλαίω
1027 1791 1079 1846 ott
1102 1781 1143 1848 ab
1163 1782 1252 1846 omni
1270 1779 1456 1845 Atticarum
1529 1843 1530 1868 p

343 1908 404 1950 usu
426 1893 511 1948 esset
533 1882 639 1946 aliena
654 1919 690 1928 -—
710 1882 970 1948 enumerabimus
993 1881 1117 1946 scilicet
1133 1881 1223 1944 haud
1237 1892 1347 1966 pauca
1369 1903 1454 1944 mere

236 1976 240 1982 ’
343 1983 471 2065 Ionica,
506 2005 589 2073 quae
618 2003 713 2046 nemo
744 1980 850 2046 adhuc
870 2003 888 2044 e
910 1979 1110 2044 Graecorum
1138 1979 1257 2043 fabulis
1286 2001 1454 2044 removere

343 2105 441 2150 ausus
464 2083 513 2149 sit.

426 2181 472 2244 At
492 2201 558 2244 non
579 2180 772 2266 peregrinae
794 2188 869 2242 sunt
895 2176 970 2244 illae
994 2177 1127 2242 formae.
1172 2177 1255 2242 Nam
1280 2185 1318 2238 ut
1347 2198 1454 2240 conec·

345 2280 461 2346 damus
482 2281 515 2344 in
530 2278 657 2362 volgari
673 2276 918 2342 Atheniensium
941 2299 1088 2356 sermone
1101 2275 1177 2340 inde
1193 2299 1214 2340 a
1225 2276 1454 2338 vetustissimis

345 2378 547 2465 temporibus
569 2378 688 2440 usitata
707 2376 807 2444 fuisse
826 2371 909 2450 κάω,
933 2369 1033 2450 ἐλάα,
1057 2367 1154 2448 ἀετός
1175 2383 1228 2438 ctt
1251 2411 1294 2420 —
1312 2374 1350 2438 id
1372 2372 1455 2461 qnod

347 2489 434 2542 certe
456 2480 490 2545 in
511 2474 679 2546 vocabulis
700 2468 771 2538 κάω
801 2484 833 2540 et
853 2469 949 2542 κλάω,
973 2473 1083 2540 multis
1114 2474 1257 2536 numeris
1287 2471 1474 2558 probabile

347 2587 396 2642 est
409 2577 494 2652 ΛΟ)
516 2574 599 2640 elius
620 2582 728 2638 tamen
750 2574 809 2638 suit
830 2573 1009 2638 litterarum
1033 2594 1110 2636 usus
1132 2581 1229 2658 atque
1248 2573 1345 2636 ratio.
1376 2571 1455 2636 Con-

348 2683 412 2740 stat
433 2675 518 2740 enim
540 2672 709 2738 mirificam
721 2669 895 2758 ¹quandam
917 2672 1018 2734 fuisse
1039 2674 1108 2736 eius
1127 2669 1260 2754 linguae
1277 2691 1344 2753 qua
1359 2667 1454 2732 Attici

312 2839 314 2845 A
348 2773 547 2858 antiquiores
568 2771 741 2836 utebantur
763 2773 795 2834 in
810 2771 926 2834 litteris
948 2767 1201 2850 conscribendis,
1223 2791 1294 2831 cum
1319 2767 1454 2831 dialecto

349 2874 460 2940 Ionica
480 2871 768 2950 necessitudinem
791 2869 871 2957 haec
891 2868 996 2932 effecit
1017 2879 1051 2931 ut
1069 2869 1102 2934 in
1118 2867 1388 2952 inscriptionibus
1402 2867 1453 2930 At-

347 2975 420 3040 ticis
440 2970 672 3039 vetustioribus
694 2969 897 3034 inveniamus
920 2967 1023 3030 dativi
1051 2967 1311 3032 terminationem
1331 2987 1406 3051 ῃσιν
1423 2966 1453 3028 in

397 3237 442 3302 20)
460 3235 520 3289 Iam
538 3251 571 3288 ex
589 3233 697 3288 aurietis
715 3233 832 3298 ἔκαυσα,
858 3231 977 3286 ἔκλαυσα
995 3234 1095 3299 sponte
1113 3227 1204 3284 elucet
1221 3226 1306 3282 fuisse
1325 3227 1394 3282 olim
1407 3225 1453 3280 for·

348 3337 407 3377 maa
425 3316 704 3388 aris-jn‚atdb1-jn;
731 3331 765 3368 ex
786 3315 922 3384 hisquae
943 3311 1068 3384 profecta
1093 3316 1159 3364 sunt
1179 3326 1230 3381 per
1250 3311 1453 3380 producemur

348 3403 547 3474 suppletorium
564 3402 635 3470 adiro
654 3405 682 3454 et
702 3399 788 3467 κλῖήω
807 3400 848 3466 (ut
865 3413 881 3452 e
901 3395 1010 3468 φάῐεα,
1033 3395 1102 3450 aeol.
1123 3395 1229 3465 ([αύεα,
1254 3395 1349 3448 evadit
1366 3393 1453 3466 φάεα),

349 3492 398 3541 aut
419 3485 581 3556 corriprusse
598 3483 726 3538 videntur
747 3481 871 3536 vocalem
890 3485 920 3534 ᾶε
947 3483 1020 3534 astte
1041 3482 1128 3532 κλᾶίω
1151 3475 1197 3549 (cf.
1211 3482 1374 3548 χραισμέω,
1400 3478 1452 3534 ie.

345 3574 493 3642 χρᾶισμέω
512 3586 533 3622 e.
545 3571 707 3638 χρᾶσιμέω,
740 3563 902 3630 Μούσαισι,
926 3565 943 3616 i.
963 3579 986 3617 e.
1008 3558 1171 3628 Μούσᾶισι,
1194 3559 1228 3615 cf.
1247 3559 1397 3636 Μούσῃσι)
1413 3565 1456 3614 aut

350 3653 462 3706 eiecisse
479 3652 642 3722 spirantem:
663 3647 731 3719 adm,
748 3646 832 3702 atde.
867 3645 997 3700 Fortasse
1014 3643 1138 3698 similiter
1156 3643 1244 3711 ἀετός,
1265 3643 1349 3712 ἐλάα,
1366 3644 1455 3715 {spata

351 3738 397 3790 ἀεί
411 3753 468 3789 non
486 3739 547 3788 orta
564 3737 629 3786 sunt
647 3749 680 3786 ex
698 3731 801 3798 αἰετός,
821 3732 900 3782 ἐλαία
913 3733 959 3784 ctt.
974 3729 1022 3784 sed
1033 3731 1167 3796 utraeque
1181 3725 1286 3783 formae
1298 3729 1455 3798 prodierunt
1529 3743 1530 3796 p

352 3836 384 3873 ex
398 3817 510 3883 ’erardo
528 3819 606 3872 λλᾱια
618 3820 665 3870 ctt.
700 3813 849 3881 Productio
867 3813 940 3866 enim
957 3811 1126 3882 suppletor-ia
1142 3826 1214 3880 quae
1231 3816 1349 3864 vocatur
1361 3829 1417 3866 non
1428 3808 1456 3862 fit

353 3905 416 3972 poet
428 3901 529 3956 eiectas
542 3899 660 3968 vocales,
678 3899 726 3952 sed
737 3902 850 3968 propter
867 3913 1049 3950 consonarum
1062 3895 1216 3963 elisionem3
1234 3891 1270 3950 cf.
1281 3891 1416 3962 Ἀθηναία
1426 3923 1455 3932 -

355 3975 491 4052 Ἀθηνῖἷα,
514 3988 624 4052 vertrae
642 4015 673 4024 -
698 3986 798 4050 νᾶέτης
821 3980 924 4036 Simon.
942 3978 975 4035 fr.
993 3984 1033 4034 57.
1051 3978 1142 4049 ng,
1164 3982 1204 4032 10.
1223 3977 1303 4047 Seb,
1326 3983 1411 4034 ποιέω
1426 4006 1455 4017 -

353 4073 435 4131 ποέω,
454 4071 557 4128 τέλειος
573 4099 607 4108 -
627 4071 724 4126 τέλεος.
