3008 4968
764 367 972 460 48⁴-

372 543 464 624 Quae
493 567 566 611 cum
594 547 640 612 ita
670 548 749 629 sint,
781 547 853 634 quis
881 544 1043 608 dubitabit
1072 544 1168 608 haec:
1207 547 1266 609 142
1286 541 1414 606 τελοῦσι.

309 649 371 710 684
397 639 555 727 ζητοῦσιν·
573 653 601 714 3.
622 645 705 732 plur.
752 650 831 712 1179
853 635 952 706 αἰδοῦ
996 649 1074 709 1207
1101 639 1268 721 καλοῦμεν
1290 650 1415 726 propter

311 741 496 827 analogiam
519 754 699 812 ceterorum
721 743 944 831 exemplorum
967 742 1010 806 ad
1024 742 1161 806 Homeri
1182 761 1329 805 normam
1351 759 1417 804 eor-

309 840 439 924 rigere?
483 842 604 908 Verum
637 843 766 929 quidem
800 854 849 908 eet
881 844 1042 906 mitiorem
1074 839 1234 906 Doridem
1267 839 1363 902 etiam
1386 839 1417 900 in

307 939 370 1005 hac
393 941 520 1020 flexura
542 943 720 1006 maximam
749 953 877 1028 partem
898 941 1027 1025 vulgari
1056 941 1182 1005 ratione
1203 941 1267 1022 uti3
1290 937 1356 1002 sed
1375 946 1417 1000 ta·
1496 943 1498 1018 ζ

308 1063 381 1105 men
404 1040 465 1106 hoc
493 1041 672 1106 discrimini
702 1042 857 1128 temporis
886 1039 1094 1130 tribuendum
1115 1049 1180 1120 est,
1213 1036 1300 1124 quod
1326 1040 1418 1100 iuter·
1496 1091 1497 1096 ,

309 1139 395 1204 cedit
420 1142 504 1204 inter
529 1149 646 1226 poetae
667 1143 788 1204 veteris
809 1150 948 1206 aetatem
968 1149 1001 1204 et
1022 1161 1104 1221 eam,
1117 1160 1182 1225 qua
1203 1127 1418 1202 tituli'excusi
1496 1131 1497 1136 ’

310 1247 391 1304 sunt.
436 1239 489 1302 De
509 1261 573 1326 qua
595 1261 630 1302 re
651 1239 716 1304 vid.
739 1263 788 1305 nr.
811 1246 852 1317 3).
1290 1231 1294 1238 ’

370 1338 539 1401 Postremo
561 1337 650 1424 apud
671 1338 823 1402 Solonem
843 1337 996 1424 leguntur
1019 1343 1098 1418 26,l
1122 1337 1369 1417 Κυπρογενοῦς,
1390 1335 1419 1396 in

309 1448 426 1522 quarta
447 1436 551 1520 elegia
572 1459 620 1500 va.
647 1445 678 1502 11
704 1435 907 1500 πλουτοῦσιν
929 1443 947 1502 3
968 1435 1021 1522 pl.,
1043 1459 1091 1500 vs.
1107 1441 1153 1512 ‚22
1168 1437 1240 1510 τοῖς
1257 1427 1417 1508 ἀδικοῦσι,
1498 1423 1499 1427 ’

308 1558 355 1600 vs.
379 1540 419 1602 24
440 1527 623 1598 ἱκνοῦνται.
666 1536 820 1600 Attamen
843 1538 948 1600 etiamr
962 1535 996 1598 hi
1017 1534 1080 1599 loci
1108 1558 1172 1600 non
1197 1544 1284 1599 certo
1307 1543 1421 1620 poetae

309 1632 460 1712 consilia,
489 1633 546 1698 sed
576 1633 784 1699 librariorum
806 1634 920 1720 eulpae
953 1633 1119 1702 tribuendi
1151 1634 1321 1708 videntur,
1355 1655 1421 1696 eum
1498 1623 1500 1694 ]

309 1731 410 1798 Solon
432 1754 473 1796 ne
493 1733 528 1796 iu
548 1733 666 1798 iambis
689 1735 820 1821 quidem
843 1757 877 1799 se
892 1735 935 1798 ab
957 1734 1069 1800 Ionica
1090 1733 1283 1798 abstinuerit
1299 1735 1422 1798 ratione

309 1842 415 1920 atque,
438 1842 473 1896 ut
495 1855 543 1897 nr.
566 1837 596 1908 3)
619 1833 812 1913 videbimus,
834 1855 875 1898 ne
896 1833 995 1898 multo
1019 1832 1151 1920 quidem
1174 1842 1250 1920 post
1274 1832 1420 1898 Solonem

309 1933 448 2018 pristina
469 1923 671 1998 consuetudo
691 1956 825 2020 prorsus
848 1933 977 1997 deserta
998 1933 1102 1996 fuerit
1145 1930 1210 1996 sol.
1226 1938 1277 2013 24,
1297 1940 1330 1996 1:
1352 1931 1421 1995 Plu·

308 2031 440 2098 tarchus
469 2031 572 2096 verba
601 2034 720 2118 priora
742 2031 874 2120 obliqua
898 2032 995 2096 modo
1022 2033 1167 2096 oratione
1196 2029 1306 2096 reddit
1339 2022 1420 2092 atta

308 2129 365 2194 καὶ
385 2128 485 2218 φησὶν
507 2124 663 2212 ὁμοίως
690 2129 905 2207 πλουτεῖν,
936 2117 998 2214 ᾧτε
1019 2139 1096 2210 etc,
1124 2132 1235 2216 itaque
1256 2153 1298 2194 ex
1324 2130 1421 2194 Theo·

308 2231 407 2316 gnide
422 2230 624 2294 πλουτοῦσιν
644 2231 865 2296 restituerunt.
899 2229 960 2296 Cui
975 2231 1158 2316 scripturae
1180 2252 1307 2294 omnem
1329 2230 1421 2294 fidem

310 2331 535 2416 abrogandam
557 2352 628 2394 esse
649 2332 715 2394 iam
737 2352 779 2394 ex
797 2329 862 2395 Sol.
880 2336 955 2410 15,1
979 2327 1179 2392 πλουτουσιν
1202 2333 1420 2415 cognovimus.

370 2430 403 2508 b)
426 2430 510 2494 Tum
542 2430 578 2492 in
607 2430 721 2514 paucis
754 2428 929 2494 verborum
959 2428 1073 2492 formis
1107 2449 1143 2513 εη
1172 2429 1207 2494 in
1238 2450 1257 2514 η
1296 2439 1420 2495 coeunt.

268 2601 270 2608 y
308 2528 401 2608 Quae
424 2530 532 2614 aptius
552 2532 581 2610 ξ.
604 2535 651 2608 16,
674 2534 693 2595 3
716 2529 902 2592 afferentur.

370 2634 398 2700 c)
420 2627 550 2714 Deinde
581 2648 620 2711 οη
651 2630 768 2692 transit
800 2629 834 2691 in
863 2649 889 2688 ω
912 2625 1044 2710 longam
1073 2626 1220 2692 vocalem
1251 2627 1287 2690 in
1317 2618 1421 2709 ὀγδώ-

306 2748 406 2790 κοντα
428 2721 560 2812 (-ἑτης),
592 2726 679 2813 quod
701 2727 808 2792 Solon.
838 2732 896 2806 211,
919 2724 1092 2810 dlegitur,
1126 2727 1213 2789 etin
1242 2728 1289 2790 eis
1311 2727 1419 2792 formis

307 2825 480 2891 verborum
509 2820 603 2906 βοάω
627 2836 658 2890 et
679 2821 783 2901 νοέω,
816 2823 872 2890 ubi
895 2849 915 2888 α
937 2826 1098 2910 ε1εἰυη
1128 2824 1279 2910 protendi
1311 2825 1418 2894 solent

308 2925 503 3011 Supersunt:
525 2925 628 3012 Hipp.
638 2936 677 2990 tr.
696 2934 749 3008 1,1
775 2919 879 3006 ἔβωσε
901 2924 1024 3003 (Tacta.
1048 2917 1175 3008 ἐβόησε,
1197 2923 1420 2990 Schneidewin

308 3047 369 3088 scr.
393 3017 498 3105 ἔβεοσε
527 3025 646 3089 collata
667 3025 814 3112 Hesychi
835 3034 867 3090 et
888 3022 1011 3088 Suidae
1032 3022 1155 3107 glossa:
1183 3017 1322 3114 illaesos
1347 3018 1420 3086 ἐκά-

307 3121 405 3198 λεσεν,
431 3116 585 3206 ἔκραξεν),
609 3125 753 3210 Theogn.
777 3129 855 3192 1298
875 3128 955 3208 (mp)
978 3117 1175 3203 νωσᾶμὸνθς·
1217 3123 1328 3190 Etiam
1345 3125 1418 3190 Sim·

309 3232 335 3304 1,
361 3229 396 3288 17
420 3223 583 3309 Bergkius
613 3225 750 3288 coniecit
778 3211 840 3284 εὖτ’
866 3213 907 3282 ἂν
936 3213 996 3308 ἡδὺ
1027 3215 1197 3286 νώσωνται
1229 3217 1319 3301 ζόειν
1346 3224 1418 3304 (vid.

306 3331 415 3386 tamen
436 3325 465 3403 ξ.
490 3327 548 3398 18).
591 3323 727 3388 Praeter
749 3322 809 3386 has
830 3320 951 3386 formas
973 3319 1109 3405 elegiaci
1131 3336 1167 3384 ut
1188 3321 1352 3388 Homerus
1373 3347 1418 3388 so·

305 3421 382 3486 lutis
405 3429 553 3502 utrmtur,
584 3423 631 3486 sic
656 3421 754 3504 Solon
780 3425 833 3502 13,
855 3419 895 3488 67
917 3420 996 3484 dicit
1018 3411 1056 3482 οὗ
1078 3415 1282 3506 προνοήσας,
1312 3433 1366 3501 lb,
1390 3431 1418 3487 l:

307 3523 433 3606 νοῆσαι.
455 3557 497 3568 -
521 3519 603 3586 Cum
633 3519 766 3586 Ionibus
794 3519 916 3585 faciunt
934 3519 1059 3598 Deras,
1091 3521 1202 3604 quiin
1230 3513 1418 3604 ὀγδώκοντα

307 3629 338 3683 et
353 3612 563 3701 Ιτετριόκουτα
585 3618 671 3684 idem
693 3619 923 3686 contractionis
945 3641 1047 3704 genus
1068 3619 1250 3686 ostendunt.

369 3717 402 3794 d)
423 3717 574 3806 Denique
606 3741 666 3804 pro
696 3711 784 3803 ἱερὸς
814 3719 909 3783 Iones
941 3711 1015 3798 ἱρὸς
1047 3719 1187 3784 formam
1218 3721 1418 3807 usurpabant

227 3895 230 3904 Ι
308 3818 542 3881 consentientes
564 3839 636 3880 cum
657 3816 797 3900 Lesbiis,
819 3819 875 3903 qui
895 3805 968 3899 ἶρος
988 3816 1149 3884 dicebant.
1193 3817 1294 3884 Cuius
1316 3830 1416 3885 muta-

307 3917 404 3978 tionis
428 3914 611 3980 Simonides
634 3915 721 3980 solus
743 3917 806 3982 duo
830 3916 980 4004 exempla
1001 3937 1103 4001 eaque
1124 3917 1221 3982 valde
1243 3917 1344 3983 dubia
1365 3943 1415 3982 ex-

307 4012 409 4078 hibet:
432 4019 460 4096 7,
484 4021 538 4082 56:
569 4005 702 4076 ἄθυστα
724 4006 811 4098 δ’ὶρυί
835 4007 902 4098 (ἱρὰ
926 4015 1014 4082 Stob.
1035 4015 1133 4102 vulgo
1156 4030 1187 4084 et
1209 4018 1324 4108 Vind,
1346 4017 1414 4104 ἱερὰ
1487 4033 1492 4048 ·
