3070 4962
601 465 658 527 143
774 507 777 514 -

156 645 404 732 inscriptionum
439 643 682 725 Sarmatiae,
725 642 816 708 cuius
858 642 1006 707 civitates
1040 641 1188 708 Graecae

84 745 248 810 maximam
271 753 397 831 partem
420 743 550 808 Ionicae
573 751 665 807 erant
689 742 838 828 originis:

156 845 347 909 vetustiores
366 842 420 908 Bo
430 866 472 930 sp
484 865 501 908 o
511 866 527 906 r
537 864 638 907 anae
653 841 897 928 („Panticapaei
917 851 948 906 et
962 840 1188 928 Phanagoriac

84 945 161 1008 etin
182 944 316 1025 vicinia,
343 941 404 1007 hoo
426 943 529 1007 estin
550 941 751 1006 Milesiorum
774 949 805 1005 et
827 939 981 1006 Teiorum
1004 940 1186 1017 coloniis“):

156 1047 245 1108 2104.
267 1047 356 1110 2408.
377 1045 593 1124 2117-2119,
622 1062 706 1128 quae
732 1040 766 1104 in
787 1037 890 1105 altero
913 1039 1047 1106 dimidio
1070 1039 1188 1105 saeculi

86 1142 230 1225 quartia.
253 1139 328 1206 Obr.
350 1164 380 1205 n.
402 1151 557 1205 exaratae
579 1149 662 1222 sunt,

155 1240 349 1304 recentiores
366 1237 572 1305 Olbianae
590 1237 722 1322 (sOlbie
739 1237 866 1303 colonia
880 1247 928 1302 est
941 1237 1190 1319 Milesiorum“):

86 1343 162 1407 2058.
186 1344 277 1407 2059.
301 1344 390 1406 2067.
413 1343 589 1407 toto-74.
611 1341 701 1404 2076.
724 1343 815 1421 2081,
838 1359 920 1424 quae
943 1337 1117 1403 secundum
1139 1339 1191 1404 vel
1233 1363 1236 1372 ·

86 1439 212 1522 primum
234 1437 397 1502 saeculum
419 1461 446 1504 a.
470 1437 545 1504 chr.
567 1460 598 1502 u.
620 1458 685 1501 non
708 1459 863 1525 superare
885 1436 1044 1504 videntur.

157 1538 287 1626 Reliqui
308 1535 393 1601 tituli
413 1537 515 1603 Ionici
537 1536 589 1602 vel
611 1535 729 1602 nullius
752 1539 819 1602 fere
841 1538 993 1602 momenti
1015 1545 1122 1619 erant,
1145 1538 1191 1602 ite

88 1647 115 1700 ut
132 1637 234 1702 omitti
257 1645 398 1724 possent,
421 1634 474 1702 vel
494 1646 561 1702 tam
582 1657 689 1724 pauca
707 1646 958 1704 commemoratu
980 1635 1080 1722 digna
1101 1635 1191 1702 exhi-

88 1733 160 1818 bent,
181 1758 263 1823 quos
285 1715 371 1801 iufr'a
391 1737 562 1801 occasione
585 1733 663 1800 data
685 1737 845 1801 nominari
868 1736 946 1801 satis
969 1733 1115 1800 habeam.

158 1833 265 1901 Valde
293 1834 466 1900 dolendum
496 1844 560 1918 est,
600 1833 687 1922 quod
715 1837 923 1920 grammatici
949 1834 1042 1900 nobis
1070 1834 1192 1901 nullum

89 1932 143 1999 lere
164 1933 322 2000 auxilium
343 1934 459 2018 ferunt,
482 1934 558 2020 quia
574 1935 701 2020 epicam
724 1933 898 2000 dialectum
920 1936 1122 2021 potissimum
1143 1958 1192 2000 re·

91 2035 217 2119 spiciunt
253 2044 308 2099 aut
337 2033 422 2098 banc
453 2041 486 2098 et
511 2034 724 2098 recentiorem
751 2033 864 2098 ladem
891 2032 1104 2115 confundunt,
1137 2045 1194 2099 aut

91 2133 173 2197 etiam
194 2135 250 2221 qui
272 2155 353 2220 prae
375 2133 490 2200 ceteris
513 2154 629 2220 sapere
651 2131 817 2215 videntur,
847 2133 1102 2198 recentissimam
1125 2129 1193 2198 dia-

92 2228 195 2297 lectum
217 2231 422 2317 intellegunt,
453 2242 551 2320 atque
579 2233 709 2298 omnino
731 2241 846 2320 poetas
868 2232 997 2297 Ionicos
1018 2231 1193 2298 admodum

92 2351 154 2396 raro
174 2340 438 2398 commemorant.
467 2332 580 2397 Pauca
600 2333 787 2398 testimonia
808 2354 892 2419 quae
915 2330 1072 2397 adhibere
1092 2331 1193 2415 licuit,

94 2431 276 2497 commodius
297 2431 384 2497 infra
406 2433 472 2497 suis
495 2432 577 2498 locis
601 2432 784 2498 afferentur.

164 2530 290 2596 Solonis
318 2532 449 2599 dialecti
477 2530 710 2597 instaurandae
740 2553 840 2596 causa
866 2529 986 2596 contuli
1007 2529 1116 2595 titulos
1140 2531 1196 2596 At-

93 2628 164 2693 ticae
178 2632 428 2718 antiquissimos,
453 2654 534 2720 quos
556 2629 644 2695 inira
663 2629 720 2696 ubi
743 2651 795 2694 res
816 2629 968 2717 postulat,
991 2630 1196 2697 enumerabo.

163 2731 200 2796 In
222 2739 390 2818 po'e‘tarum
401 2731 599 2796 Doricorum
621 2729 759 2796 dialecto
783 2728 984 2794 restituenda
998 2751 1196 2818 magnopere

98 2827 211 2894 adiutus
227 2852 299 2894 sum
312 2829 482 2918 praeclaro
493 2819 742 2896 Ahrensilibro
765 2829 806 2894 de
828 2828 966 2894 dialecto
979 2829 1105 2895 Dorica
1127 2832 1196 2896 sive

96 2925 129 2991 de
141 2926 284 2995 Graecae
302 2930 434 3017 linguae
456 2929 603 2996 dialectis
625 2928 709 2995 libro
729 2929 781 3011 11„
803 2928 853 2994 ed.
866 2925 1044 3013 Gottingae
1065 2953 1093 2993 a
1109 2935 1196 3014 1843,

98 3033 123 3088 et
142 3027 402 3116 inscriptionibus
423 3028 671 3116 Megarensibus
693 3051 740 3093 nr.
760 3031 963 3096 1327-1339
982 3028 1196 3114 ephemeridis

98 3124 285 3214 arcbaeolog.
310 3132 389 3198 185³
409 3150 484 3215 pag.
508 3132 568 3197 804
591 3149 669 3216 sqq„
695 3149 779 3215 quae
810 3129 973 3214 pertinent
994 3126 1035 3190 ad
1058 3135 1196 3192 aetatem

98 3219 230 3290 Demetri
250 3226 417 3314 Antigoni.
695 3227 698 3234 ’
