3148 4958
884 443 925 505 50

338 628 495 716 adjectivi
512 626 680 691 notionem
698 621 799 688 habet
816 631 854 688 ut
872 615 1042 702 Κικροιιίς
1063 605 1123 682 cta
1143 628 1219 702 eto,
1239 628 1283 684 et.
1294 618 1457 707 adjectiva

337 738 375 794 ut
395 718 570 798 Αίθιοιιίς
591 720 676 798 (too
698 718 852 804 γλῶσσαν
874 719 999 786 Herod.
1021 724 1050 799 3,
1075 725 1142 801 18),
1164 711 1383 793 Αἰθιοπίδος
1404 720 1459 804 γῆς

197 865 201 878 .
337 827 455 914 Eurip.
474 849 529 912 ap.
549 821 664 908 Steph.
683 821 765 908 Byr.
787 845 814 886 s.
835 811 995 904 Αίθιοψς
1024 812 1176 900 Δρυοπίς
1198 819 1245 884 St.
1266 818 1363 906 Βριο,Ι
1387 817 1457 882 Με-

337 919 437 1008 ροπίς
457 930 511 1004 (=
531 923 624 1000 Κῶς)
645 921 748 988 Thnc.
769 926 799 1003 8,
820 927 872 1003 11,
892 919 941 985 St.
963 918 1045 1004 Byr.

400 1024 467 1092 Sed
493 1045 567 1088 cum
596 1020 722 1086 formae
747 1017 922 1106 ejusmodi,
949 1037 1033 1104 quac
1055 1038 1073 1079 e
1099 1015 1251 1080 thematis
1280 1015 1456 1102 pyrrichiis

338 1125 429 1190 velut
449 1125 568 1186 Πολοιι
590 1129 652 1186 etc.
673 1118 790 1182 duone
812 1126 901 1200 sunt,
927 1117 963 1180 in
989 1114 1118 1180 casibus
1146 1113 1403 1202 perittosyllabis
1423 1115 1457 1179 in

236 1247 240 1254 ·
340 1224 565 1289 hexametram
591 1242 657 1286 non
679 1215 854 1308 quadrent,
873 1217 908 1281 in
930 1237 986 1279 eas
1012 1215 1097 1280 inter
1117 1213 1227 1278 thema
1251 1223 1286 1278 ct
1305 1215 1456 1280 termina·

341 1324 461 1388 tionem
481 1344 502 1404 η
523 1318 670 1386 vocalem
690 1318 973 1403 poetaeinssrere
995 1313 1097 1379 solent
1104 1361 1119 1395 ‚.
1149 1315 1240 1376 utin
1260 1308 1457 1398 Δολοπηίδα

340 1412 531 1503 (Κτιμνέην)
557 1417 623 1505 Ap.
652 1415 714 1481 Rh.
741 1420 839 1496 <1683
866 1417 1034 1494 Leontina
1060 1417 1207 1492 nymphae
1233 1413 1297 1480 Ov.
1324 1424 1399 1480 met.
1427 1419 1458 1496 8,

340 1524 417 1600 6513
439 1508 644 1602 Μεροπηίδα
668 1515 767 1596 νῆσον
789 1512 871 1578 Call.
892 1511 967 1578 Del.
991 1517 1066 1594 1603
1086 1506 1263 1596 Πείοιιηίς
1283 1514 1317 1590 (i.
1339 1537 1369 1582 e.
1388 1515 1460 1576 Ha-

341 1611 558 1702 λοιιόννησος)
589 1613 672 1680 Call.
693 1611 768 1678 Del.
798 1618 847 1678 72.
881 1611 946 1698 Ap.
966 1609 1029 1677 Rh.
1058 1647 1099 1658 --
1128 1611 1203 1678 Jam
1239 1611 1458 1700 quaerendum

343 1727 401 1795 est,
423 1715 509 1780 unde
531 1739 571 1800 η,
593 1711 682 1801 quod
700 1709 853 1776 videlicet
874 1705 1079 1798 antiquorum
1106 1712 1268 1776 sententia
1291 1706 1458 1796 „ateore-

343 1811 411 1892 ζει“
430 1817 452 1893 1)
478 1815 596 1878 harum
621 1813 801 1878 formarum
827 1823 933 1876 ortum
960 1811 1013 1876 sit.
1053 1811 1162 1899 Atque
1184 1811 1261 1876 Otto
1284 1810 1458 1876 Schneide-

342 1937 397 1980 rus
420 1914 551 2002 quidem
572 1911 741 1989 (Nicandr.
762 1934 796 1997 p.
815 1916 857 1992 3),
880 1912 936 1998 qui
957 1909 1097 1976 fortasse
1116 1911 1317 1999 Stephanum
1330 1909 1458 1998 Byzan·

341 2015 422 2078 tium
436 2015 461 2091 ²)
483 2023 612 2080 secutus
633 2021 692 2094 cst,
712 2021 749 2076 ut
769 2011 967 2076 accusativis
981 2009 1176 2095 Homericis,
1198 2010 1310 2099 quales
1325 2003 1460 2075 Attac-

344 2116 449 2194 πῆας,
479 2114 527 2179 sic
553 2112 604 2176 his
632 2110 804 2197 adjectivis
831 2108 978 2174 themata
1001 2109 1038 2174 in
1064 2131 1100 2174 cv
1136 2109 1361 2176 substituenda
1387 2128 1471 2174 cssc‘

344 2213 481 2278 cenersit.
515 2211 589 2293 ‘Nec
612 2219 722 2274 tamen
749 2209 815 2273 scio
838 2231 882 2273 an
903 2210 934 2272 ei
954 2230 1020 2274 non
1034 2209 1274 2276 assentiendum
1296 2211 1347 2276 sit.
1374 2207 1459 2274 Nam

345 2333 417 2374 oum
443 2319 562 2395 poetae
588 2308 778 2395 posterioris
805 2308 922 2372 aetatis
947 2308 1126 2374 masculino
1146 2320 1181 2374 et
1198 2318 1314 2374 nonno
1340 2327 1459 2394 genere

342 2408 578 2495 adjectivorum
599 2409 633 2471 in
659 2427 733 2490 ptos
761 2405 871 2492 qualia
891 2400 1087 2492 Ποίοπήιος
1113 2408 1178 2496 Ap.
1204 2407 1266 2472 Rh.
1295 2429 1316 2469 α
1337 2414 1416 2489 758,
1437 2408 1461 2487 β

341 2513 411 2589 792,
432 2499 620 2591 Αείογήιος
639 2504 734 2570 Alex.
754 2504 828 2570 Aet.
847 2527 877 2568 v.
899 2511 938 2570 27
961 2505 1050 2592 apud
1063 2506 1217 2572 Parthen.
1233 2517 1313 2572 erot
1328 2513 1376 2588 14,
1393 2508 1460 2568 Ms-
1505 2505 1509 2514 ’

341 2599 483 2692 ρονιήιος
495 2605 582 2692 Opp.
598 2626 670 2690 cyn.
686 2613 715 2687 2,
732 2609 804 2686 364,
823 2603 966 2673 Maneth.
978 2611 1008 2687 4,
1029 2611 1100 2688 215,
1122 2605 1285 2672 chricea
1308 2611 1369 2672 272
1390 2613 1461 2688 eta,

284 2715 289 2726 “
343 2703 432 2772 haud
453 2726 530 2770 raro
550 2712 699 2786 utantur,
727 2723 811 2786 quae
833 2703 903 2767 sins
928 2701 1029 2768 dubio
1052 2727 1117 2770 non
1143 2727 1162 2769 e
1187 2705 1340 2772 thematis
1362 2706 1397 2769 in
1424 2723 1460 2767 so

345 2803 403 2868 sed
423 2814 461 2869 ut
479 2796 677 2887 ποιμν-ήιος
699 2801 807 2876 (Hom.
829 2803 860 2864 Β
885 2809 956 2884 470,
979 2799 1060 2867 Hes.
1082 2827 1134 2891 op.
1157 2809 1229 2882 788)
1254 2797 1462 2889 Φοινιιι-ήιος

236 2922 239 2928 ·
344 2901 452 2985 (Hdt),
475 2910 535 2968 etc.
558 2902 685 2968 suffixis
711 2924 733 2964 α
760 2909 794 2966 ct
813 2923 848 2964 ια
884 2903 970 2968 inter
997 2924 1033 2966 sc
1062 2904 1241 2990 conjunctis
1269 2927 1311 2969 ex
1338 2904 1461 2970 thema·

341 3002 384 3066 tis
406 3002 597 3068 consonanti
618 2999 730 3088 aliqua
753 2999 855 3066 finitis
876 3000 1055 3089 repetenda
1075 3012 1160 3085 sunt,
1181 3004 1290 3089 potius
1303 3003 1463 3068 feminina

344 3101 378 3166 in
400 3097 457 3184 ηιδ
481 3124 556 3166 cum
583 3101 635 3166 his
666 3091 888 3187 comparanda
916 3123 988 3166 esse
1020 3123 1136 3168 conseo
1164 3101 1216 3179 (cf.
1237 3107 1269 3185 8.
1290 3099 1363 3190 51),
1388 3121 1463 3165 mea

342 3200 443 3282 igitur
465 3204 625 3266 sententia
647 3193 823 3286 Πελοπηίί
844 3222 887 3264 ex
906 3197 1113 3263 Hei-orrea&
1132 3209 1238 3266 ortum
1259 3212 1317 3268 est

425 3300 455 3378 ξ.
467 3305 516 3365 54.
560 3299 739 3387 Complura
751 3299 1126 3385 exstantpatronymica
1142 3322 1229 3387 quae
1238 3322 1260 3365 c
1270 3299 1462 3366 thematis

343 3397 383 3460 in
404 3395 593 3472 [derivata
620 3411 703 3466 sunt.
747 3397 840 3481 Quae
867 3419 942 3462 cum
979 3407 1164 3464 constanter
1193 3398 1464 3466 macrooatnlccta

346 3495 419 3576 sint,
440 3499 668 3584 patronymica
690 3489 806 3562 eorurii
822 3495 867 3561 ad
888 3517 1058 3586 caesuram
1076 3497 1257 3566 bnoohcam
1277 3496 1462 3564 eamdam

346 3763 360 3820 ἰ
414 3761 439 3821 1)
457 3757 500 3814 Of.
517 3759 606 3814 Onam.
618 3759 715 3814 anecd.
734 3759 748 3812 I
758 3777 786 3832 p.
806 3763 868 3814 374:
886 3756 953 3826 ,Ὃν
970 3760 1078 3831 τρόπον
1092 3765 1169 3837 παρὰ
1186 3765 1237 3834 τὴν
1250 3768 1397 3836 Κέκροπος
1418 3765 1465 3818 δο-

300 3837 306 3846 ’
347 3843 408 3911 τικῇ
428 3841 479 3907 (sio
485 3841 505 3908 1)
522 3847 674 3918 Κεκροπὶς,
687 3845 813 3898 Atatem
824 3845 974 3916 Αίθιοπίς,
986 3843 1075 3906 οὕτως
1088 3849 1134 3900 καὶ
1147 3851 1258 3902 Πέλοπι
1271 3851 1414 3916 Πελοπηίς
1432 3850 1464 3918 (t)

346 3923 379 3976 τὸ
399 3926 543 3993 natarent}
559 3924 737 3984 πιπλεόναιιε
754 3927 788 3982 τὸ
805 3947 822 3994 η
840 3925 878 3990 ὥς
889 3929 927 3990 ,st
946 3934 1082 4000 ποίμνιον
1100 3929 1250 4004 ποιμνήιον
1266 3933 1338 3988 ctc.“

347 4095 374 4144 T
413 4009 440 4072 2)
459 4005 555 4108 §toph
572 4010 642 4081 Byr.
662 4028 683 4068 s.
720 4008 875 4082 Τριόπιον·
893 4012 954 4079 ,τὸ-
971 4014 1100 4080 calcata
1120 4017 1256 4086 Τριοπηίς
1273 4013 1312 4079 ὥς
1325 4017 1391 4070 ἱἀπὸ
1412 4021 1463 4073 τοῦ
1558 4075 1559 4092 ,

287 4108 292 4118 “
374 4096 516 4162 ριοιτιιις.“
873 4147 877 4155 .
1186 4143 1190 4156 .
1235 4143 1241 4156 .
1395 4127 1398 4135 “
