3070 4962
587 412 645 476 127

71 593 238 660 functorum
259 592 439 658 accusativi
459 590 606 660 feminini
627 589 765 679 putandi
796 597 879 654 sunt.
916 587 998 652 Tam
1020 589 1175 674 exiguum

71 702 163 758 autem
185 713 257 756 esse
277 713 388 758 corum
409 713 578 760 numerum
600 712 696 756 nemo
718 688 900 772 mirabitur,
924 688 980 776 qui
999 687 1174 775 adjectivo·

71 815 130 856 rum
149 793 182 856 in
201 788 310 866 -dsog
337 812 438 876 genus
460 789 642 856 Herodiani
668 790 827 867 aetats³⁷)
852 809 923 854 esse
951 786 1175 875 frequentissi-

72 913 155 973 mum,
175 911 288 956 rarum
311 890 443 976 antiquo
465 897 612 976 tempore
633 888 877 965 memineritlss).
926 885 929 894 ’

141 986 302 1054 Sssffixum
331 987 412 1054 illud
439 985 513 1064 -διο
534 1010 552 1054 e
571 989 729 1075 primario
751 996 805 1070 -ja
830 1007 1002 1069 manasse,
1025 985 1060 1050 id
1089 984 1177 1073 quod

73 1086 189 1152 Curtius
214 1087 353 1169 conicit,
369 1089 444 1174 jure
468 1086 613 1174 jurando
635 1086 765 1174 quidem
787 1085 946 1152 affirmari
967 1085 1093 1173 nequit,
1115 1084 1174 1150 sed

72 1184 154 1271 longe
182 1185 390 1252 verisimilius
420 1195 470 1251 cst
490 1208 587 1271 quam
615 1186 703 1274 quod
732 1185 788 1254 alii
820 1193 1010 1268 statuerunt,
1039 1207 1177 1274 quorum

73 1283 180 1372 placita
202 1285 354 1372 persequi
387 1293 418 1352 et
448 1283 582 1374 longum
609 1294 659 1352 est
689 1307 750 1352 nec
780 1307 833 1352 res
862 1284 938 1370 ipsa
964 1283 1094 1350 videtur
1120 1305 1176 1372 po·

74 1383 192 1450 stulare.

297 1522 321 1585 β.
340 1522 366 1573 4.
402 1519 457 1575 De
471 1517 657 1574 adverbiis
672 1517 710 1572 ia
727 1516 800 1572 -dss
817 1517 938 1588 (esis).
984 1521 986 1528 '

143 1651 262 1720 Statim
283 1653 394 1740 potius
415 1651 479 1720 huc
501 1653 622 1720 addam
647 1651 791 1741 plurales
820 1651 944 1742 aliquot
964 1653 1178 1734 accusativos,

76 1753 118 1837 qui
139 1751 182 1818 ab
202 1749 268 1817 illis'
288 1751 379 1818 nulla
401 1751 467 1818 alia
486 1775 523 1819 re
545 1751 710 1831 differunt,
737 1753 801 1818 nisi
828 1761 864 1818 ut
892 1753 1008 1819 suffixo
1038 1750 1105 1816 -διο
1131 1754 1178 1818 in-

76 1859 149 1916 serta
173 1853 214 1916 sit
236 1872 252 1914 s
273 1851 413 1926 vocalis:
437 1849 546 1930 δειο-,
569 1852 657 1942 quod
680 1859 712 1918 et
733 1853 841 1940 ipsum
864 1852 1012 1918 videmus
1032 1854 1066 1918 in
1084 1850 1178 1916 ism:

76 1945 125 2011 les
145 1958 178 2015 et
197 1970 297 2037 φευγε
320 1972 395 2037 pop.
437 1949 598 2018 Inusitata
612 1950 743 2039 quidem
765 1951 806 2016 iis
829 1972 964 2038 quorum
983 1954 1106 2038 scripta
1127 1974 1179 2017 ae·

76 2057 160 2114 tatem
182 2049 339 2134 tulerunt,
367 2050 426 2115 sed
451 2073 471 2116 a
491 2051 714 2140 grammaticis
744 2058 776 2114 et
803 2049 1047 2138 glossographis
1070 2049 1112 2114 ab
1133 2052 1179 2114 in·
1272 2123 1275 2129 ¹

76 2149 160 2213 teritu
183 2157 314 2214 servata
334 2159 409 2214 sunt
431 2143 584 2229 διχάδεια
601 2143 767 2214 utricidam
782 2141 981 2212 ἕντνπάδεια
993 2141 1181 2232 τροπάδεια

76 2241 251 2332 epomidem
265 2241 488 2331 ἒγκρικάδεια,
514 2272 599 2338 quae
620 2240 887 2336 ἐπιρρήματα
902 2241 1181 2332 προπαροξύτονα
1287 2255 1289 2264 ’

77 2365 135 2410 esse
154 2347 188 2412 in
209 2346 390 2414 Anecdotis
413 2347 561 2416 Crameri
585 2373 617 2438 p.
641 2353 716 2431 164,
739 2349 778 2414 26
807 2357 839 2413 et
857 2345 1002 2414 Bekkeri
1029 2371 1060 2434 p.
1095 2353 1181 2430 1364,

77 2441 208 2531 Theogn.
242 2452 309 2532 164,
340 2453 380 2515 26
411 2447 548 2536 legimus
560 2450 611 2529 ³⁰).
653 2447 792 2514 Accedit
817 2445 1131 2528 HomericumiOd.
1161 2468 1181 2508 κ

79 2548 136 2622 tea)
157 2539 409 2633 sosoioqoidso3
437 2547 525 2638 quod
547 2558 720 2636 postquam
737 2547 795 2612 lm.
813 2545 1003 2631 Bekkcrus‚
1033 2547 1182 2612 semisse·

78 2641 184 2710 colaris
205 2643 260 2710 ille
292 2647 473 2712 carminum
493 2647 743 2714 Homerioorum
779 2656 957 2730 corrector,
986 2639 1182 2732 καταλοφά-

78 2736 141 2804 δεια
163 2744 261 2809 scribi
287 2745 404 2834 jussit,
431 2744 545 2813 ultimo
578 2747 700 2836 privati
729 2754 803 2813 sunt
838 2745 1021 2834 praesidio,
1050 2746 1183 2834 quicun-

77 2861 128 2926 que
149 2845 257 2909 omnia
278 2843 335 2911 illa
355 2867 420 2911 non
439 2842 535 2910 -desa
558 2847 616 2913 sed
636 2845 710 2910 -δια
732 2841 906 2910 scribenda
929 2867 1001 2910 esse
1023 2853 1149 2932 putant.

148 2941 274 3023 Quibus
297 2943 455 3032 exemplis
477 2947 532 3032 qui
552 2946 647 3036 plura
669 2945 833 3012 desideret
855 2943 1027 3011 nonnullas
1055 2966 1184 3032 quoque

78 3037 148 3105 alias
170 3064 268 3110 voces
285 3043 426 3132 jungere
448 3045 561 3131 possit,
585 3069 669 3136 quae
690 3055 799 3112 tamen
818 3033 1183 3130 itaeomparataesunt

77 3147 105 3200 ut
124 3143 235 3209 merito
256 3144 291 3208 in
317 3141 554 3212 dubitationem
572 3153 739 3212 vocentur.

256 3291 287 3376 λὅ.
308 3314 332 3366 b.
368 3311 421 3365 Dc
437 3309 621 3366 adverbiis
638 3309 673 3364 ia
687 3310 805 3378 -ίνδην
821 3307 971 3366 st-csos.

150 3439 231 3508 (lum
253 3445 420 3512 adverbiis
443 3443 584 3534 simplici
608 3445 724 3512 suffixo
748 3442 839 3522 (ba,
863 3441 954 3530 -dqv)
984 3444 1069 3510 fictis
1091 3445 1184 3509 artis·
1212 3407 1215 3412 Ι

77 3540 147 3604 sime
169 3542 341 3610 cohaerent
363 3568 446 3634 quae
468 3543 591 3632 duplici
610 3543 762 3633 praedita
782 3545 816 3608 in
842 3537 959 3607 uis-oa
982 3551 1014 3608 et
1038 3535 1185 3630 -b-oqs

79 3649 199 3707 exeunt.
238 3641 314 3710 Huc
335 3643 507 3710 referenda
529 3653 603 3711 sunt
623 3665 728 3732 pauca
748 3643 850 3709 haece
873 3643 1087 3710 anominibus
1111 3666 1184 3729 pro·

80 3750 212 3826 pagata:

79 3865 277 3882 Ὧ--ἡ-ι

120 3925 161 3991 37)
182 3927 246 3998 περὶ
263 3944 326 3997 μον.
345 3928 400 3989 isi.
418 3943 445 3998 p.
465 3929 496 3981 18
513 3926 547 3982 L.

121 4007 163 4076 38)
180 4004 224 4062 ef.
241 4007 365 4066 Lobeck.
383 4009 539 4080 Prolegom.
559 4027 587 4080 p.
606 4012 650 4062 351
673 4025 733 4078 sqq.

122 4093 163 4159 39)
180 4089 224 4147 cf.
242 4090 386 4163 Goettling
402 4093 586 4148 Accentlehre
608 4110 635 4162 p.
656 4095 705 4146 339
722 4108 750 4160 g.
