3148 4958
866 426 908 489 44

790 509 999 520 ..α-...η-

334 611 461 694 signum
490 614 677 672 constanter
710 604 904 670 elidentibus
928 603 1054 672 Graeci
1081 606 1178 670 etiam
1198 605 1232 668 in
1254 603 1451 693 quibusdam

333 705 518 774 nominibus
539 704 786 792 principalibus,
807 728 890 793 quae
911 729 932 768 a
954 705 1063 771 suffixi
1085 727 1146 790 ope
1166 704 1255 770 facta
1277 714 1368 784 sunt,
1389 703 1451 770 hoc

335 809 441 892 ipsum
463 829 482 866 a
505 815 579 870 ante
601 809 612 866 ι’
632 811 662 886 (j
684 802 716 882 δ)
737 814 917 886 servarunt,
937 813 974 883 ut
994 807 1028 870 in
1048 795 1186 886 μαρνάδ,
1211 796 1323 889 mayolo
1334 812 1393 868 etc.
1410 839 1450 850 ·-

332 906 428 971 Reeti
451 915 559 970 autem
582 927 676 968 casus
699 903 835 969 formam
855 905 890 968 in
910 926 964 980 ιας
986 905 1054 970 Leo
1068 904 1182 989 Meyer
1204 902 1318 989 (vcrgl.
1332 901 1450 968 Gram-

270 1007 276 1018 '
332 1016 408 1069 mat.
427 1005 471 1079 ΙΙ.
490 1027 521 1090 p.
548 1009 621 1082 106;
648 1002 789 1085 Curtius,
818 1001 1018 1090 Grundziige
1048 1003 1079 1069 d.
1108 1025 1156 1088 gr.
1176 1001 1285 1089 Etym.
1308 1025 1340 1089 p.
1368 1008 1451 1080 566.)

335 1129 377 1169 ex
399 1104 509 1179 soit-5·
523 1101 643 1182 (nos-e)
665 1104 844 1182 rectissime
857 1104 1011 1190 repetiise
1028 1103 1108 1168 mihi
1122 1101 1266 1183 videtum
1287 1107 1450 1168 nam'cum
1526 1185 1529 1191 Ι

335 1204 416 1270 alias
437 1201 567 1268 vocales
589 1213 656 1268 tum
678 1207 698 1286 i,
721 1205 752 1267 si'
770 1204 804 1267 in
818 1203 881 1268 fine
902 1202 1133 1270 vocabulorum
1148 1211 1223 1289 post
1234 1196 1451 1268 consonantes

333 1306 441 1391 posita
464 1313 558 1384 esset,
580 1303 708 1390 saepius
737 1304 856 1389 ejectas
879 1326 950 1368 esse
972 1306 1106 1368 constat.

412 1408 440 1486 ξ.
464 1409 515 1472 46.
557 1403 735 1489 Postquam
759 1424 842 1489 quac
856 1412 940 1492 esset
961 1411 1074 1468 nostra
1087 1404 1247 1466 sententia
1268 1399 1309 1464 de
1323 1401 1450 1486 origine

331 1503 632 1590 patronymicorum
643 1501 715 1566 fem.
734 1523 805 1586 gen.
823 1503 857 1566 in
870 1499 904 1564 ιδ
921 1511 952 1567 et
965 1501 1033 1584 ιαδ,
1056 1502 1277 1586 exposuimus,
1296 1500 1448 1588 quemad·

332 1603 464 1668 modum
483 1602 631 1689 aspectis,
654 1601 797 1666 maxime
820 1600 1027 1687 adactylicis
1049 1601 1189 1666 formata
1211 1601 1284 1683 sint,
1305 1601 1448 1688 inquira-

331 1726 412 1768 mus.
456 1701 596 1768 Omnino
617 1709 725 1766 autem
746 1701 904 1766 memoria
924 1701 1098 1768 tenendum
1121 1709 1179 1782 est,
1203 1709 1317 1786 poetas
1336 1699 1449 1787 dacty-

331 1801 411 1866 licos
427 1824 483 1868 eas
497 1803 639 1866 maximo
653 1800 774 1865 formas
786 1799 895 1865 facere
905 1801 1077 1882 studuisse,
1100 1821 1184 1887 quac
1197 1799 1283 1864 hanc
1296 1809 1343 1873 ξ’
1365 1810 1384 1874 ζ
1401 1851 1449 1882 W

330 1901 499 1968 bucolicae
528 1921 683 1966 caesurae
714 1921 811 1987 quam
842 1901 1046 1986 aptissimam
1077 1923 1261 1966 mensuram
1291 1899 1447 1966 habeant:

330 2022 392 2066 nec
413 2001 646 2088 contempsisse
665 1999 787 2065 formas
808 1997 1000 2065 molossicas
1022 2005 1131 2078 (21)
1153 2009 1185 2066 et
1207 1999 1444 2066 choriambicas

322 2106 365 2179 ,(1
378 2151 426 2184 ω
440 2106 486 2182 Δ),
509 2100 628 2188 quibus
646 2112 803 2164 'caesuras
824 2099 986 2164 masculas
1007 2100 1161 2168 facerent
1202 2102 1342 2166 Formas
1368 2123 1446 2166 vcro

330 2206 364 2268 in
387 2201 421 2266 ιδ
451 2211 483 2266 et
510 2202 544 2264 in
573 2196 637 2262 ιαδ,
653 2198 889 2286 quodammodo
917 2201 1001 2264 inter
1029 2223 1065 2266 se
1096 2201 1258 2267 alternare
1284 2201 1446 2266 neminem

331 2301 472 2387 effugiet
524 2298 568 2364 Ut
605 2299 690 2362 enim
725 2300 953 2384 patronymica
982 2299 1078 2388 hujus
1105 2323 1277 2367 mensurae
1297 2305 1347 2375 Ἣ
1363 2309 1384 2374 ζ
1398 2356 1446 2384 W

335 2400 529 2480 efficiantur,
559 2398 759 2462 nominativo
790 2419 869 2462 casu
891 2399 970 2484 sing.
995 2423 1079 2464 num.
1101 2401 1207 2466 forma
1227 2402 1261 2466 in
1284 2399 1352 2485 tuti,
1371 2401 1445 2467 reli-

331 2501 403 2588 quis
425 2498 531 2564 forma
551 2499 585 2562 in
608 2495 643 2561 ιδ
655 2506 843 2584 usurpatur.
885 2496 993 2585 Atque
1005 2499 1119 2566 codem
1140 2500 1248 2583 modo,
1270 2521 1344 2568 cum
1357 2525 1444 2567 men-

333 2621 410 2664 sura
422 2596 643 2688 choriambico
654 2596 868 2679 desideratur,
889 2599 1107 2664 nominativus
1131 2602 1212 2686 sing.
1228 2623 1314 2666 num.
1334 2601 1369 2666 in
1391 2595 1447 2677 ιάς

330 2708 367 2764 ut
388 2690 565 2783 Σισυφιάς,
586 2696 703 2782 reliqui
722 2700 757 2762 in
778 2694 858 2760 ιδ..
879 2706 915 2762 ut
934 2691 1119 2784 Σισυφίδος
1144 2700 1334 2768 formantur.
1376 2701 1445 2766 Nec

329 2799 436 2864 minus
461 2798 661 2885 nominativo
689 2796 882 2864 molossicas
915 2820 1086 2864 mensurae
1115 2811 1151 2863 ut
1179 2792 1349 2885 Καδμηίς,
1372 2800 1446 2866 reli·

331 2919 466 2982 quorum
501 2919 634 2962 casuum
661 2896 880 2963 choriambica
906 2907 942 2962 ut
971 2891 1170 2978 Καδμιάδοζ
1197 2899 1391 2986 respondet.
1404 2937 1444 2948 -

330 2996 396 3062 Sed
402 2998 473 3085 jam
487 2997 713 3062 formationem
725 2998 1024 3085 patronymicorum
1035 2997 1109 3064 fem.
1116 3021 1188 3083 gen.
1198 2986 1444 3084 pertractemus.

410 3099 440 3178 §.
465 3103 513 3162 47.
557 3096 616 3161 Eis
643 3098 896 3185 patronymicis,
932 3119 1016 3182 quae
1043 3120 1061 3162 e
1087 3097 1237 3164 thematis
1269 3098 1442 3164 trochaicis

328 3196 381 3262 vel
395 3195 615 3282 tribrachycis
629 3197 664 3262 in
677 3219 698 3259 α
714 3199 783 3262 sive
802 3197 989 3262 masculinis
1008 3199 1077 3262 sive
1089 3197 1251 3262 femininis
1265 3197 1443 3285 repetenda

328 3306 416 3379 sunt,
442 3305 620 3362 extremam
649 3296 800 3362 thematis
823 3296 971 3362 vocalem
998 3319 1132 3384 eamque
1153 3298 1187 3361 in
1207 3319 1226 3381 η
1249 3296 1442 3383 productam
1564 3309 1565 3318 ’

328 3405 444 3483 poetae
472 3393 626 3480 dactylici
654 3418 786 3462 servare
814 3394 925 3462 solent.
969 3395 1044 3476 Qua
1075 3398 1201 3462 ratione
1225 3395 1306 3462 haec
1332 3406 1440 3483 patro·

327 3497 458 3582 nymiea
480 3517 498 3560 c
517 3494 667 3558 thematis
696 3495 874 3560 trochaicis.
898 3493 1038 3560 formata
1060 3504 1147 3561 sunt:
1172 3489 1381 3580 Χρυση-ίς
1401 3499 1441 3560 Α
1563 3561 1564 3574 ,

327 3601 387 3663 439
409 3587 508 3672 (iiior
529 3595 567 3656 A
584 3600 654 3676 1113
671 3629 683 3641 ·
698 3587 805 3657 ι’δαΑ
819 3599 886 3677 143,
909 3600 976 3677 182,
999 3599 1090 3672 310);
1111 3588 1314 3680 Karon-ig
1334 3597 1439 3684 (cujus

327 3693 528 3780 primitivum
557 3694 684 3776 Κισσῆς
709 3715 780 3758 esse
811 3716 853 3760 ex
875 3696 914 3756 Λ
943 3699 1003 3762 223
1031 3702 1196 3782 apparet);
1226 3704 1322 3782 atque
1350 3695 1440 3782 apud
1471 3695 1476 3702 “

326 3801 438 3878 poetas
461 3793 650 3879 posterioris
673 3795 788 3858 aetatis
811 3793 891 3860 haec
914 3803 1058 3860 exstant:
1088 3788 1318 3880 Κισση-ιάς
1333 3794 1438 3862 Noun.

327 3898 376 3973 43,
398 3895 455 3974 63;
475 3894 514 3953 Π
518 3885 689 3976 cnop-iti
697 3913 739 3968 ος
760 3893 791 3970 (i.
813 3915 839 3960 e.
859 3893 985 3960 Hecate
1003 3893 1125 3960 Persae
1150 3893 1231 3975 filia)
1250 3894 1317 3981 Ap.
1335 3893 1397 3961 Rh.
1418 3901 1455 3976 γ’

327 3996 403 4072 4783
426 3989 486 4057 Ov.
501 4001 574 4058 met.
598 3999 626 4074 7,
638 3999 688 4058 74.
714 3991 907 4058 Ethematis
928 4003 1036 4060 autem
1050 3993 1266 4081 tribrachycis
1279 3995 1361 4060 haec
1382 3995 1436 4065 de·

325 4093 433 4156 rivata
455 4101 539 4176 sunt,
560 4093 594 4156 in
617 4091 733 4180 quibus
755 4116 819 4160 non
840 4102 906 4158 tam
927 4097 1021 4160 metri
1050 4095 1156 4178 gratia
1177 4116 1275 4182 quam
1296 4096 1435 4160 necessi·
1479 4141 1483 4144 -
