3148 4958
690 450 710 512 δ

140 629 297 694 habuisse
322 628 484 694 videntur.
528 627 707 694 Maximam
735 639 843 696 autem
865 624 977 717 δήμων
998 634 1162 698 nominum
1183 655 1262 722 pars

141 728 184 792 ab
207 727 437 815 appellativis,
468 751 533 793 non
556 751 576 792 a
600 727 784 793 nominibus
812 731 956 816 propriis
986 729 1169 798 derivatum
1190 755 1263 800 esse

142 836 293 914 apparet.
337 822 509 892 Bovtu'dm
539 829 624 892 enim
654 836 685 890 et
707 823 914 892 Auctarium
939 831 1072 895 minime
1099 833 1160 896 orti
1190 843 1263 897 sunt

143 949 162 990 a
186 927 273 990 Buta
301 937 333 990 et
348 917 505 991 'Daedalo
538 925 756 1012 genitoribus,
778 928 837 993 sed
866 929 976 1016 potius
1007 929 1127 1010 δοῦναι
1156 933 1261 1018 primo

141 1025 412 1113 appellabantur,
436 1025 553 1114 quibus
575 1026 676 1091 boves
705 1028 856 1092 victimae
885 1027 1050 1094 curandae
1079 1040 1201 1106 essent,
1230 1041 1262 1095 et

141 1125 299 1208 delictor,
321 1127 376 1212 qui
397 1126 529 1212 opifices
552 1135 668 1191 essent.
711 1125 840 1191 Deinde
862 1136 970 1192 autem
998 1129 1090 1214 quasi
1111 1129 1154 1194 ad
1169 1129 1261 1194 soda-

140 1224 214 1288 litia
236 1223 454 1310 significanda
476 1247 518 1288 ex
539 1225 682 1310 gentium
705 1224 858 1312 analogia
876 1229 1119 1314 patronymicus
1140 1229 1261 1294 formas

141 1323 208 1388 sibi
228 1323 421 1405 tribuerunt,
444 1347 462 1387 e
484 1323 602 1410 quibus
623 1320 754 1408 Βούτην
775 1335 806 1388 et
827 1324 991 1390 Δαίδαλον
1012 1327 1174 1411 genitores
1198 1327 1261 1392 sibi

139 1422 315 1486 finxerunt.
342 1421 449 1506 Atque
460 1422 573 1487 codem
586 1422 682 1489 modo
699 1417 872 1507 Ὁμηρίδαι
885 1427 906 1503 ¹)
935 1444 1053 1490 nomen
1074 1425 1260 1491 sodalitium

139 1524 206 1585 τῶν
234 1515 367 1606 ὁμήρων
397 1523 429 1600 (i.
452 1543 477 1585 e.
500 1532 670 1608 poetarum
690 1525 948 1612 conjunctorum)
978 1525 1194 1610 significasse,
1229 1535 1261 1590 et

132 1616 291 1703 Ὅμηρον
311 1629 440 1708 poetam
454 1641 496 1686 ex
512 1623 587 1708 ipsa
607 1625 834 1710 patronymica
855 1624 960 1714 forma
981 1624 1092 1688 fictum
1113 1645 1185 1688 esse
1206 1647 1259 1688 ve·

141 1719 371 1785 risimillimum
394 1728 452 1786 est.
495 1720 564 1784 Neo
584 1721 684 1806 igitur
705 1723 822 1786 mirum
845 1733 903 1804 est,
931 1723 1018 1810 quod
1038 1722 1170 1788 ordines
1190 1724 1259 1808 qui·

142 1820 219 1884 dam
239 1828 276 1884 ut
296 1813 493 1902 Εδτιατρίδαι
514 1821 739 1906 patronymice
762 1821 1012 1907 appellabantur
1033 1831 1131 1908 atque
1148 1845 1189 1887 cx
1208 1845 1259 1887 eo*

140 1942 216 1984 rum
239 1919 395 2005 analogia
416 1941 436 1982 a
457 1919 589 1982 comicis
601 1921 735 1983 'nomina
747 1929 784 1983 ut
800 1912 1028 2003 Ἑρμοκοπίδαι
1044 1919 1258 2006 fingebantur.

204 2019 234 2098 ὅ.
258 2025 286 2085 6.
312 2018 462 2105 Denique
483 2019 580 2081 tertia
601 2021 901 2104 patronymicorum
915 2021 1003 2084 notio
1023 2026 1140 2098 exstat,
1161 2041 1259 2105 quam

139 2117 349 2182 ethnicam
377 2117 532 2198 dixerim,
561 2138 645 2205 quae
671 2116 760 2202 apud
788 2129 902 2203 poetas
930 2127 1056 2190 tautum
1077 2119 1258 2201 invenitur,

139 2217 181 2282 dc
204 2237 271 2302 qua
293 2216 333 2282 cf.
356 2217 466 2303 Steph.
488 2217 568 2304 Byz.
594 2239 619 2279 s.
637 2210 790 2298 Ἀθῆναι·
813 2212 984 2300 ,ἐλέγοντο
1004 2210 1201 2302 (Ἀθηναῖοι)
1223 2213 1259 2281 δὲ

138 2313 192 2380 καί
208 2318 445 2402 carpocratiani
457 2312 553 2400 τύπῳ,
576 2310 620 2392 ὡς
632 2308 762 2397 ’Ἅβρων
776 2312 810 2380 ἐν
820 2318 865 2400 τῷ
882 2313 953 2398 περὶ
970 2315 1181 2400 ντιιρωνδμων,
1205 2313 1260 2380 δτι

137 2409 200 2480 εἶσί
229 2412 332 2480 διτταὶ
354 2418 563 2500 προσηγορίαι
584 2412 672 2496 παρὰ
693 2419 856 2500 ποιηταῖς,
879 2410 943 2480 clud
964 2436 999 2479 ta
1022 2420 1077 2501 τῆς
1104 2415 1260 2500 πατρίδος

138 2514 261 2580 καὶτοῦ
276 2517 494 2582 ουνοιιιιστοῦ,
528 2510 782 2597 Ἁλικαρνασσεῖς
803 2517 880 2598 γοῦν
899 2510 1069 2582 Ἆνδεάδαι
1090 2514 1148 2581 καὶ
1173 2515 1259 2580 (δίλ-

139 2614 295 2680 ανδιοίδαι
317 2609 560 2698 οῖ’Ταραντῖνοι
578 2609 727 2696 ἐλέγοντο
749 2609 813 2679 ἀπὸ
833 2617 898 2681 ταῖν
920 2613 1165 2700 διασημοτδνων
1186 2610 1258 2698 παρ’

140 2711 254 2792 αὐτοῖς.
300 2713 472 2800 Ἀθηναῖοι
501 2709 538 2776 δὲ
566 2707 728 2797 Κοδρίδαι
755 2713 810 2780 ναί
837 2716 1057 2798 Κεκροπίδαι,
1090 2714 1257 2800 Θησεῖδαι,

133 2811 332 2899 Ἐρεχθεῖδαι
353 2811 407 2878 καί
427 2807 545 2888 ταύτας
566 2833 598 2895 γε
618 2811 679 2890 τοῖς
699 2809 832 2898 κλήσεις
853 2818 919 2878 τῶν
940 2807 1010 2880 διττὴ
1032 2819 1088 2898 τῆς
1107 2812 1260 2896 πατρίδος

138 2911 345 2998 imponebas
367 2908 544 2993 ἐνδμιζον.“
565 2949 607 2958 -
627 2913 725 3000 Apud
746 2915 926 2980 Homerum
949 2915 1080 3003 quidem
1100 2915 1182 2978 haec
1202 2937 1258 2978 no-

138 3021 184 3080 tio
206 3017 240 3079 in
262 3015 304 3078 iis
329 3023 455 3078 tantum
482 3014 718 3098 patronymicis
746 3016 845 3094 inest,
875 3035 958 3100 quae
984 3017 1018 3078 in
1046 3035 1106 3076 ιων
1127 3023 1258 3094 exeunt,

137 3126 174 3179 ut
195 3107 425 3195 Δαρδανίωνες
452 3110 660 3194 Καδμείωνας.
703 3111 865 3176 Pindarus
891 3124 998 3178 autem
1031 3121 1063 3177 et
1082 3113 1201 3198 tragici
1227 3121 1260 3176 et

138 3223 256 3300 poetae
288 3213 481 3299 posterioris
512 3214 630 3276 aetatis
658 3213 893 3298 patronymicis
925 3213 959 3276 in
989 3210 1031 3276 δα
1059 3232 1186 3298 quoque
1213 3212 1260 3274 ita

137 3315 186 3378 uti
216 3311 336 3377 solent:
372 3303 537 3393 Αἰγεΐδαι
563 3311 666 3392 φῶτες
693 3311 787 3375 Pind.
809 3310 904 3397 Pyth.
928 3317 965 3394 δ,
990 3317 1064 3393 10ος
1104 3307 1260 3392 Θησεῖδαι

139 3410 243 3498 Soph.
265 3409 304 3476 Ο.
328 3409 364 3476 Ο.
390 3417 485 3489 10663
506 3407 711 3489 Δαρδανίδαι
733 3408 795 3489 Qu.
819 3409 948 3496 Smyrn.
973 3416 1020 3492 12,
1044 3416 1112 3477 520.
1151 3408 1260 3494 Atque

138 3509 253 3574 eodem
281 3509 377 3575 modo
398 3509 538 3574 Romani
564 3517 680 3596 poetae
700 3507 864 3574 Romanm
891 3514 1049 3572 Aeneadas
1076 3506 1127 3572 vel
1150 3513 1259 3570 Rorm-

137 3613 220 3671 lidas
243 3607 412 3694 appellare
435 3607 540 3673 solent
561 3608 611 3684 (cf.
635 3607 737 3672 Prisc.
757 3606 798 3689 ΙΙ,
820 3614 849 3690 6,
874 3609 937 3689 35).

224 3709 253 3788 ξ.
280 3715 307 3773 7.
347 3707 429 3772 Tres
456 3708 557 3793 igitur
584 3708 759 3794 praecipue
786 3707 934 3770 notiones
962 3707 1261 3794 patronymicorum

139 3808 297 3894 proprias
312 3828 383 3871 esse
396 3807 589 3890 invenimus,
613 3806 881 3892 patronymicum,
904 3805 1067 3890 gentilem,
1088 3805 1259 3887 ethnicam,

141 3927 280 3988 quarum
304 3905 410 3991 prima
432 3916 464 3969 et
485 3907 580 3970 tertia
603 3905 706 3992 poetis
730 3901 816 3984 solis,
839 3902 942 3968 altera
964 3914 994 3967 et
1016 3907 1120 3990 poetis
1143 3913 1175 3968 et
1189 3899 1261 3992 pr'o-
1329 3991 1334 4004 ,

320 4061 352 4068 ---

214 4119 238 4184 t)
255 4118 309 4175 Cir.
330 4119 450 4188 Curtius,
468 4117 503 4172 dc
517 4119 627 4184 nomine
645 4119 768 4188 Homeri,
785 4117 877 4172 Kilias
898 4120 971 4173 1855.
