3034 4964
507 547 716 580 ἡ*

67 664 119 723 μευ
137 634 269 718 ὀδόντες
286 681 329 692 -
350 636 564 706 κεκινὲαταιίῐ
586 643 701 732 (Hipp.
721 643 760 710 fr.
784 649 836 721 62)
863 635 1014 708 ἀπὸτοῦ
1035 645 1117 708 κινῶ
1130 681 1172 694 -

69 737 239 828 κεκίνηται,
267 738 325 808 καί
342 733 459 818 'luneio
486 737 690 806 κεκινέαται·
720 752 752 809 et
779 745 889 812 statim
917 745 1077 832 sequitur:
1100 746 1173 808 Ks-

68 837 233 910 κλίαται.
275 834 411 917 Ἰστίυν,
443 836 494 907 ὅτι
518 835 550 906 oi
579 836 839 926 καθαριείοντες
865 836 1108 926 παρακείμενοι
1132 841 1170 908 τὸ

67 947 86 1004 u
113 936 216 1023 μόνον
247 935 539 1024 προςλαμβιίνυυσι
570 937 655 1006 κατὰ
685 938 724 1004 τὸ
757 935 867 1024 τρίτυν
898 935 1078 1025 πρόςωπον
1107 943 1174 1008 τιῖιν

67 1035 180 1118 ἑνικῶν,
204 1038 262 1106 καί
283 1034 312 1104 εἰ
325 1037 385 1119 μίν
405 1042 519 1126 μακρᾷ
533 1035 794 1127 παραλήμυνται,
808 1038 931 1128 ταύτην
944 1038 1171 1120 συστέλλουσι,

67 1138 115 1205 καί
135 1136 240 1218 οὕτως
258 1137 297 1206 τὸ
317 1133 463 1204 Ἰωνικὸν
482 1143 630 1217 ποιοῦσι,
656 1126 725 1204 οἷον
747 1135 849 1224 ipsiu,
871 1135 1000 1225 ἔρυται,
1027 1136 1172 1227 ἐρύαται.

68 1231 406 1318 nungentesimo
427 1234 528 1306 κλείω
549 1234 717 1334 κέκλειται
739 1238 923 1325 κεκλίαται,
952 1239 1036 1306 κατὰ
1059 1261 1174 1308 cnoro·

67 1337 118 1427 λὴν
136 1343 192 1428 τῆς
215 1363 246 1406 ει
269 1332 477 1426 διφθόμμυυ,
514 1325 586 1404 οἷον
619 1333 801 1408 κεκλίαται.
844 1340 953 1408 Onam.
974 1341 1036 1408 An
1065 1341 1130 1408 Ox.
1157 1343 1173 1408 1

66 1433 216 1527 (Ὁμήρου
236 1433 464 1520 ἔπιμερισμυί)
477 1443 548 1523 287,
564 1445 619 1509 28:
643 1442 686 1502 M
690 1433 953 1524 εμετρίαται·
978 1443 1084 1506 Τοῦτο
1102 1433 1174 1506 Ἰω-

68 1535 149 1604 νικόν
170 1536 274 1616 ἐστιν,
300 1533 346 1616 ὡς
366 1537 429 1623 γὰρ
452 1533 620 1624 νενόυμται
641 1533 827 1617 νενυίαται,
863 1535 919 1606 καὶ
940 1541 1175 1624 περιποίηυται

66 1635 298 1724 τερετυιέαται
320 1639 394 1727 (leg.
411 1632 710 1725 περιπεποίηνται,
735 1633 1049 1723 περιπεπυιίαται),
1072 1635 1176 1716 υίτιυς

66 1737 117 1803 καί
128 1735 350 1823 μεμέτρηνται
361 1735 582 1823 μεμετρέαται
595 1738 689 1822 παρὰ
704 1743 751 1826 τῷ
761 1731 922 1824 Ἑκαταίῳ
938 1738 1110 1820 (Herodoti
1127 1747 1176 1806 cst
1245 1781 1248 1788 ·

65 1839 114 1920 IV,
128 1845 194 1918 86):
214 1833 255 1924 „ri
269 1835 330 1921 μὲν
347 1829 405 1904 σίν
418 1832 606 1923 Βόσπορος,
624 1835 681 1904 καί
704 1833 722 1906 ὃ
744 1832 868 1914 πόντος
887 1833 983 1916 οὕτω,
999 1835 1056 1904 καί
1071 1832 1175 1902 ὃἛλ-

67 1934 246 2026 λήστιυντυς
270 1934 355 2004 κατὰ
377 1932 482 2004 ταῦτά
502 1961 560 2023 μαι
583 1934 840 2024 μεμετρέαται.“
868 1934 925 2002 καί
946 1930 1031 2020 παρ’
1051 1932 1177 2002 Ἱππώ-

66 2057 167 2103 νακτι·
183 2031 242 2116 ,,υί
259 2033 297 2102 δέ
310 2061 372 2121 μευ
388 2032 439 2106 rid.
461 2035 686 2106 κεκινίαται.“
702 2034 760 2102 καί
769 2030 965 2122 Ἀνακρέων·
985 2031 1042 2116 „ui
1058 2033 1096 2100 δέ
1111 2059 1176 2120 μευ

66 2133 176 2222 φρένες
197 2133 480 2226 ίκκεκωιμίαται.“
503 2136 560 2206 καί
580 2136 619 2203 τὸ
640 2132 908 2223 περιβεβλὲαται.
942 2138 991 2206 Of.
1006 2137 1114 2226 Etym.
1130 2138 1174 2204 M.

66 2244 129 2322 578,
145 2244 185 2306 42
200 2237 268 2315 (ubi
281 2238 499 2326 Hipponactis
516 2239 605 2306 locus
622 2240 761 2304 omissus
783 2244 852 2314 est).
868 2273 910 2286 -
920 2237 1032 2326 Etym.
1047 2237 1091 2304 M.
1104 2243 1174 2321 322,

66 2343 101 2406 20
118 2329 449 2425 Ἐκκικωφέυιται
469 2375 510 2388 -
531 2331 747 2424 κεκώφιμμαι,
774 2331 967 2424 κεκώφηται
987 2332 1044 2401 καί
1063 2329 1177 2413 Ἰακιῦς

66 2432 271 2524 κεκωφέαται
292 2447 351 2504 etc.
373 2479 413 2490 -
433 2439 545 2526 Etym.
565 2440 611 2506 M.
640 2444 717 2521 601,
740 2445 794 2507 20:
817 2432 1007 2502 νίυωται·
1038 2427 1059 2524 ἢ
1090 2433 1175 2502 κατὰ

66 2533 228 2623 συμκοιτὴν
247 2539 308 2600 τοῦ
329 2560 360 2624 η,
383 2530 454 2603 ἀπὸ
475 2540 537 2602 τοῦ
556 2535 716 2625 νενόηται,
742 2533 824 2618 ὅπερ
846 2534 903 2602 καί
924 2531 1096 2602 νενοέαται
1112 2529 1178 2598 Ἰα-

66 2638 127 2712 κῶς
152 2631 308 2720 μίγνυται.
352 2637 445 2718 Quae
477 2640 663 2704 testimonia
696 2661 770 2704 eum
800 2647 946 2725 spectent
976 2660 1042 2706 non
1073 2637 1177 2702 solum

66 2759 180 2821 prosae
201 2738 396 2824 scriptores,
418 2760 531 2804 verum
558 2739 656 2803 etiam
684 2747 799 2826 poetas
819 2739 962 2820 Ionicos,
991 2759 1085 2824 spero
1106 2737 1177 2802 foro

66 2845 97 2900 ut
116 2838 205 2902 omni
228 2836 430 2904 dubitatione
459 2837 587 2904 abiecta
614 2861 738 2904 mecum
767 2837 855 2925 apud
877 2836 1077 2904 Simonidem
1100 2837 1177 2901 scri·

65 2934 134 3001 bas:
157 2931 356 3000 πεπλέαται.

123 3041 154 3116 3)
176 3035 230 3102 De
249 3037 362 3123 stirpis
383 3037 489 3102 vocali
520 3060 593 3102 cum
620 3037 848 3104 terminatione
868 3044 1038 3102 contracta
1058 3044 1091 3101 et
1113 3057 1178 3100 non

65 3145 237 3204 eontracta.

123 3234 243 3322 Stirpis
264 3235 387 3302 vocalis
410 3255 426 3299 ε
447 3245 480 3302 et
503 3258 524 3298 α
543 3238 577 3302 in
598 3255 614 3298 ε
637 3242 812 3302 extenuata
833 3237 868 3302 in
888 3233 1118 3300 coniunctivis:

143 3339 176 3412 a)
198 3337 381 3420 praesentis
403 3335 579 3402 verborum
599 3338 634 3402 in
654 3357 694 3416 μι

143 3434 177 3513 b)
199 3435 322 3500 coristi·
336 3436 484 3526 primarii
505 3435 679 3501 verborum
708 3437 741 3500 in
762 3457 802 3515 μι
827 3443 859 3499 et
881 3455 964 3520 quae
989 3431 1084 3498 huius
1105 3453 1178 3496 con·

65 3533 238 3620 iugationis
258 3555 408 3600 normam
429 3542 582 3602 secuntur

144 3640 173 3711 c)
193 3632 369 3700 verborum
393 3625 462 3714 εἶμί
482 3643 514 3699 et
536 3621 613 3698 οἶδα

148 3730 181 3810 d)
202 3732 397 3798 nonistorum
423 3734 572 3821 primarii
598 3741 630 3798 et
655 3731 840 3798 secundarii
868 3732 994 3822 passivi
1016 3731 1084 3818 (qni
1106 3751 1179 3795 cum

66 3831 137 3918 ipsa
158 3830 271 3896 radice
292 3833 337 3894 θε
357 3832 451 3898 verbi
471 3826 593 3920 τίθημι
622 3833 819 3921 compositus
842 3838 918 3914 est),
948 3851 1084 3919 quorum
1108 3831 1180 3894 stir-

66 3952 121 4018 pes
143 3931 176 3996 in
196 3951 213 3994 ε
234 3927 355 3996 σκευαί
375 3931 414 4010 ¹⁰)

67 4035 269 4045 --...—..—--

131 4068 172 4135 10)
189 4064 293 4122 Omnes
310 4063 361 4117 has
377 4061 492 4132 formas,
516 4079 579 4118 cum
601 4079 685 4120 unam
707 4065 878 4134 eandemque
896 4077 1021 4118 normam
1039 4061 1180 4134 (coniuga-

65 4151 165 4207 tionem
182 4151 211 4204 in
229 4150 275 4223 με)
293 4151 455 4217 sequantur,
471 4149 680 4222 coniungendas
697 4148 802 4220 putavi,
820 4152 853 4202 nt
870 4145 980 4202 facilius
997 4146 1032 4201 ds
1049 4146 1103 4202 hac
1120 4147 1181 4202 tota
