3148 4958
840 435 877 500 10

302 605 382 694 liqui
408 615 429 686 j
460 608 556 695 plane
591 612 740 678 elidendo
775 637 796 676 α
830 617 1044 702 antiquiorem
1073 613 1219 679 vocalem
1249 613 1416 678 retinendo

303 729 438 793 eamque
461 709 668 795 producendo
696 716 729 777 in
759 713 819 789 δας
839 713 921 798 (6ης)
951 724 1123 778 mutarunt.
1168 713 1288 778 Graeci
1310 723 1416 777 autem

304 827 325 867 α
356 807 544 873 masculinis
573 819 642 874 tum
672 816 848 902 praecipue
879 837 1028 878 servasse
1055 813 1222 895 videntur,
1253 833 1325 877 cum
1345 833 1416 898 per·

303 927 398 972 sonas
421 905 628 974 denotabant.
673 912 782 993 Quare
805 921 851 978 tot
870 921 999 978 exstant
1013 912 1221 998 appellativa,
1242 933 1324 999 quae
1346 933 1416 997 per-

304 1027 400 1070 sonas
424 1007 605 1091 significent
631 1031 704 1076 cum
730 1013 763 1076 in
786 1034 842 1097 η-ς
867 1023 934 1076 tum
961 1013 994 1076 in
1020 1031 1096 1094 cry-g
1109 1014 1129 1087 ¹)
1158 1013 1319 1076 exeuntia.
1362 1010 1417 1074 At·

304 1127 366 1192 que
396 1129 438 1170 ex
466 1107 578 1172 eadem
608 1131 707 1175 causa
735 1135 800 1176 non
827 1133 934 1198 pauca
967 1109 1202 1194 andronymica
1234 1113 1268 1174 in
1298 1110 1417 1186 tot-3²)

303 1210 398 1279 (ειας,
424 1226 490 1282 ecc,
516 1215 558 1287 ις)
579 1208 718 1274 formata
742 1233 812 1274 esse
833 1210 992 1275 videntur.
1034 1209 1141 1297 Atque
1162 1212 1196 1274 in
1217 1208 1319 1274 latina
1341 1230 1416 1296 quo-

303 1326 365 1390 que
384 1303 496 1390 lingua
518 1308 679 1373 vocabula
694 1314 799 1375 'masc
821 1333 905 1395 gen,
928 1333 1064 1396 quorum
1078 1307 1218 1395 plurima
1239 1311 1418 1395 composita

303 1413 386 1486 sunt,
409 1427 538 1491 semper
559 1408 626 1473 fere
648 1431 806 1496 personas
829 1409 1013 1494 significant
1032 1419 1068 1472 ut
1090 1415 1214 1486 advena,
1231 1418 1376 1488 persepe.

385 1519 559 1610 Adjectiva
579 1533 687 1590 autem
708 1526 742 1588 in
764 1545 842 1608 ιο-ς,
871 1547 954 1611 quae
975 1523 1063 1611 apud
1085 1526 1192 1611 epicos
1214 1533 1245 1587 et
1266 1525 1300 1587 in
1319 1522 1419 1588 boeo-

303 1619 369 1684 tica
390 1621 527 1688 dialecto
549 1626 810 1712 patronymicam
831 1625 897 1688 vim
922 1623 1044 1688 habent
1067 1623 1160 1705 (cs.§.
1176 1630 1216 1704 3),
1240 1626 1333 1710 quasi
1356 1646 1415 1708 pro

303 1722 483 1786 recentiore
502 1724 681 1789 formarum
703 1734 791 1789 strue
812 1724 963 1788 habenda
986 1733 1074 1805 sunt,
1103 1746 1186 1811 quae
1206 1723 1267 1787 hoc
1290 1722 1418 1787 demum

304 1828 450 1906 tempore
480 1823 567 1888 facta
600 1833 665 1906 cst,
698 1847 770 1888 cum
800 1847 883 1912 quae
914 1821 956 1886 δα
987 1824 1056 1887 suff.
1085 1833 1167 1910 patr.
1205 1823 1296 1906 origo
1325 1831 1418 1904 esset,

304 1916 424 1984 Graeci
440 1923 511 2007 jam
533 1922 588 1988 diu
604 1923 696 1988 obliti
711 1934 813 1989 erant.
854 1924 969 2011 Itaque
984 1945 1049 1987 non
1065 1923 1182 1986 mirum
1197 1930 1256 2003 est,
1279 1920 1364 2007 quod
1386 1923 1419 1984 in

302 2022 536 2108 patronymicis
558 2024 592 2088 in
615 2021 749 2108 tado-9
774 2032 809 2088 ut
834 2019 1129 2107 Τελαμων-ια-δης
1151 2041 1186 2082 ια
1213 2029 1244 2085 et
1266 2017 1309 2082 δα
1337 2022 1420 2084 inter

303 2139 338 2182 se
360 2122 531 2208 conjuncta
554 2133 637 2206 sunt,
659 2145 843 2212 quanquam
865 2122 1009 2208 ejusdem
1030 2121 1165 2206 originis
1187 2127 1269 2184 sunt.

387 2237 416 2316 ξ.
445 2245 488 2304 ll.
520 2239 543 2302 J
544 2262 596 2302 am
611 2239 822 2322 inquiramus,
838 2238 996 2326 quomodo
1011 2246 1126 2324 poetae
1142 2235 1261 2300 Graeci
1277 2232 1319 2296 δα
1335 2236 1419 2300 suffi-

304 2357 381 2398 xum
397 2339 658 2426 patronymicum
673 2337 824 2402 thematis
841 2338 1080 2423 primitivorum
1095 2335 1224 2400 adicere
1238 2335 1325 2402 soliti
1346 2337 1419 2400 sint.

304 2433 495 2509 Tenendum
507 2437 821 2519 veromemoriaest,
845 2459 865 2500 a
887 2435 1100 2501 formandi
1121 2435 1298 2517 ratione,
1320 2458 1420 2524 quae

304 2533 407 2619 apud
430 2538 664 2623 scriptores
682 2535 1272 2622 prosaeorationisinvenitur
1293 2557 1420 2624 quam·

304 2656 378 2720 que
406 2637 572 2725 antiqui
604 2636 866 2721 grammatici
899 2658 967 2700 suo
1000 2637 1091 2722 jure
1120 2656 1299 2699 normam
1328 2658 1420 2701 esse

304 2742 555 2818 statuerunt,
586 2758 653 2799 eos
681 2758 760 2798 non
782 2735 1021 2798 recessisse
1046 2733 1134 2798 nisi
1155 2743 1285 2798 metro
1308 2757 1420 2800 coac-

303 2839 373 2896 tos.
416 2832 562 2899 Maxime
583 2843 691 2900 autem
713 2832 867 2921 dactylici
889 2841 1019 2919 poetae,
1040 2841 1077 2897 ut
1098 2833 1250 2898 creticum
1273 2843 1304 2898 et
1325 2857 1421 2921 paeo-

303 2954 377 2994 nem
399 2943 549 3020 quartum
568 2933 720 3017 devitent,
741 2958 761 2998 a
781 2956 897 2998 norma
909 2931 1079 2997 deflectere
1099 2943 1265 3018 coguntur,
1287 2957 1351 2997 non
1375 2935 1422 2998 ita

304 3029 413 3095 melici
435 3042 466 3097 et
488 3036 622 3120 tragici,
652 3035 706 3122 qui
736 3035 866 3099 omnino
890 3033 924 3096 in
946 3033 1245 3119 patronymicorum
1267 3056 1328 3097 usu
1347 3056 1421 3119 par·

304 3130 408 3196 ciores
430 3131 557 3199 facilius
586 3134 658 3199 illos
686 3157 855 3216 numeros,
883 3135 938 3220 qui
968 3155 988 3196 a
1016 3131 1179 3219 dactylica
1207 3135 1298 3219 poesi
1325 3132 1423 3220 plane

304 3229 489 3316 abhorrent,
514 3235 580 3299 suis
600 3235 711 3298 metris
733 3230 982 3297 accommodare
1004 3240 1150 3318 possunt.

306 3436 445 3445 ’.ι-...φφ-
469 3438 505 3442 .-..

305 3519 405 3583 gnatos
430 3511 651 3584 significantibus
674 3513 900 3579 demaratum,
917 3512 936 3580 j
952 3511 981 3564 in
998 3529 1011 3565 ε
1028 3514 1135 3564 mutato
1161 3509 1190 3564 in
1213 3509 1361 3573 δεός-δοῦς
1379 3527 1423 3564 ex·

304 3604 373 3652 eunt
381 3603 413 3652 ut
426 3595 636 3667 θυγατρι-δεός,
649 3595 835 3667 uldrici-dede
846 3596 925 3662 t-svi),
940 3592 1127 3664 ἀνεψια-δεός
1140 3593 1216 3663 (uri),
1235 3592 1330 3654 ὑϊδεός
1347 3591 1422 3661 (cri).

374 3685 398 3748 1)
411 3681 590 3736 ‘schleichero
609 3681 753 3749 assentior,
772 3681 820 3751 qui
839 3679 944 3750 (Gomp.
957 3689 980 3748 g.
994 3684 1044 3734 224
1057 3697 1084 3748 p.
1096 3681 1157 3744 436)
1178 3699 1226 3744 της
1244 3675 1372 3732 suffixum
1390 3693 1423 3730 ex

306 3767 335 3819 td
356 3764 456 3819 suffixo
477 3765 629 3837 indogerm.
657 3770 745 3818 crtum
768 3781 828 3818 esse
850 3765 1004 3832 contendit,
1028 3781 1084 3818 non
1107 3764 1229 3832 Boppio,
1251 3761 1299 3830 qui
1326 3760 1423 3831 (vergi.

306 3847 427 3904 Gramm.
448 3856 471 3916 ξ,
490 3853 551 3917 955)
576 3871 624 3917 της
646 3866 679 3903 cx
702 3851 747 3903 tarr
769 3849 884 3902 derivat.
920 3849 991 3902 Nam
1014 3871 1029 3918 ρ
1051 3847 1080 3900 in
1102 3844 1158 3898 fine
1179 3845 1325 3898 verborum
1349 3843 1425 3913 apud

305 3931 428 3986 Graecos
446 3933 518 3987 abici
534 3951 615 4003 posse
633 3933 698 3986 mihi
716 3933 882 4003 persuadere
900 3948 957 3985 non
974 3948 1093 4003 possum.

372 4018 398 4082 2)
417 4015 472 4069 Cfr.
490 4017 571 4086 Papii
589 4017 666 4072 lexic.
688 4017 790 4071 nomin.
810 4031 902 4086 propr.
922 4020 946 4070 3.
966 4015 1023 4084 ed,
1050 4030 1134 4088 quam
1157 4011 1263 4066 curavit
1279 4011 1422 4079 semeles,

304 4120 331 4178 p.
350 4099 442 4173 xvir,
460 4104 489 4154 a
504 4099 610 4160 xvrn.
