3008 4968
793 463 1006 551 ,ΑΒΜ

281 629 283 636 ’
335 640 474 705 Abiehto
497 648 629 705 auctore
642 639 674 718 1))
696 637 841 703 indicare
861 639 1022 706 videntur.
1063 641 1176 728 Itaque
1204 639 1238 702 in
1258 632 1352 699 titulo
1370 633 1438 698 Bos·
1499 701 1500 706 γ

335 761 457 824 porano
488 745 567 805 2194
594 737 677 802 duae
712 737 857 823 syllabae
883 739 1000 805 breves
1028 761 1084 816 εος
1112 739 1201 804 vocis
1223 726 1439 816 Παιρισᾶδδθς
1499 783 1501 788 ·

335 838 387 902 vel
415 839 449 902 in
476 837 659 904 hexametri
689 839 756 904 arsi
790 860 855 901 non
884 849 1070 905 contractae
1097 848 1187 920 sunt,
1223 833 1343 899 similia
1366 832 1439 896 infra

334 937 477 1002 afferam.
515 937 589 1002 Huc
609 946 717 1024 potest
737 937 852 1002 referri
874 939 971 1003 etiam
992 939 1101 1026 Etym.
1132 936 1176 1002 M.
1202 941 1276 1016 152,
1295 939 1330 998 9:
1358 923 1439 994 cios-

333 1030 459 1121 βής-
478 1039 537 1098 τοῦ
559 1028 699 1117 ἅσεβέος
719 1029 750 1113 (ὁ
773 1033 882 1098 κανών
903 1029 943 1100 oi
964 1029 1107 1113 ’Ἴωνες
1133 1031 1203 1098 καὶ
1224 1027 1261 1096 oi
1277 1027 1439 1116 ποιηταὶ

334 1135 412 1214 (vid.
435 1157 509 1222 pag.
531 1141 583 1213 69)
604 1131 664 1211 τὰς
685 1136 731 1211 εἰς
751 1157 807 1211 cog
830 1130 995 1222 ληγούυας
1017 1133 1149 1219 γενικὰς
1168 1127 1238 1198 ἀπὸ
1259 1135 1326 1195 τῶν
1346 1124 1392 1207 εἷς
1409 1153 1439 1216 ης

334 1226 481 1298 εὐθειῶν
501 1229 678 1317 γινομένοις
704 1229 762 1296 διὰ
797 1238 855 1298 τοῦ
882 1257 936 1311 εος
966 1231 1187 1322 προφέρουσι)
1208 1231 1266 1296 καὶ
1301 1224 1437 1313 ἀσεβοῦς.

333 1334 443 1399 Etiam
459 1336 616 1420 synizesis
636 1333 798 1398 vocalium
820 1355 867 1408 eo,
890 1355 956 1410 εου,
974 1357 1058 1422 quae
1079 1334 1167 1399 haud
1185 1357 1260 1398 raro
1278 1332 1366 1420 apud
1380 1332 1437 1396 Ho-

335 1447 459 1498 merum
482 1434 592 1498 ethos
613 1442 726 1520 poetas
747 1434 918 1518 reperitur,
939 1433 1023 1498 hanc
1045 1435 1237 1498 sententiam
1259 1432 1438 1496 confirmare

287 1615 290 1622 Ι
335 1533 473 1598 videtur.
518 1532 629 1622 Neque
651 1541 758 1597 tamen
780 1535 814 1596 in
836 1555 872 1596 re
894 1531 994 1597 dubia
1022 1537 1181 1620 parvique
1208 1533 1362 1596 momenti
1382 1541 1439 1594 tra-

335 1631 435 1696 ditam
449 1632 643 1716 scripturam
665 1653 700 1694 ευ
716 1632 908 1696 mutaverim
931 1634 964 1696 iu
987 1653 1033 1696 εο.
1077 1632 1139 1696 His
1161 1633 1319 1717 expositis
1338 1638 1438 1708 restat,

335 1740 371 1794 ut
399 1729 557 1816 exemplis
584 1752 626 1792 ex
655 1729 756 1793 titulis
789 1738 820 1793 et
847 1753 965 1816 prosae
993 1730 1207 1818 scriptoribus
1237 1731 1373 1815 sumptis
1393 1727 1442 1790 de:

334 1842 508 1894 monstrem
530 1838 644 1914 poetas
666 1829 793 1894 Ionicos
813 1829 866 1893 vel
894 1851 946 1904 εο,
972 1851 1028 1892 εου
1058 1829 1195 1910 dixisse,
1217 1827 1270 1893 vel
1291 1849 1342 1904 sc,
1370 1850 1436 1891 nun-

334 1952 431 2016 quam
451 1951 528 1993 vero
550 1926 658 1992 Attico
679 1950 770 1991 more
791 1949 839 1992 ου.

415 2029 583 2113 Leguntur
606 2037 711 2091 autem
724 2027 815 2097 ‚haee
837 2027 987 2114 exempla
1012 2030 1047 2092 in
1074 2027 1193 2092 titulis:
1224 2026 1293 2112 sig.
1314 2033 1333 2096 8
1353 2018 1437 2108 τούρ-

331 2121 523 2209 μοκράτεος,
547 2125 668 2212 Ephes.
697 2130 795 2207 2984,
823 2128 878 2213 qui
905 2149 946 2189 ex
972 2128 1064 2192 initio
1094 2129 1200 2212 quarti
1231 2125 1351 2190 saeculi
1376 2147 1437 2190 esse

332 2227 476 2292 videtur:
497 2217 650 2310 Εὔθυνος
665 2216 868 2307 dilucidior,
888 2225 1070 2312 Bosporan.
1090 2229 1185 2292 2118:
1197 2218 1435 2304 Ἱπποσθένους,

333 2319 561 2408 Παιριυάόιος
587 2328 660 2402 (etsi
680 2323 833 2410 vulgares
858 2324 983 2388 formae
1013 2324 1092 2390 alibi
1112 2326 1146 2387 in
1165 2323 1315 2410 Bosporo
1337 2324 1436 2410 depre
1499 2355 1501 2385 t

333 2427 526 2504 henduntur‚
546 2425 593 2489 sic
607 2430 688 2490 2117
708 2417 949 2511 Ποιρισάόους,
969 2429 1050 2491 2106
1061 2417 1328 2505 Ἱπποσθένους),
1348 2419 1436 2486 Trall.

332 2532 424 2610 2919,
447 2528 481 2590 in
504 2546 567 2612 quo
583 2523 705 2588 resedit
719 2522 738 2587 l.
752 2531 782 2588 t:
798 2515 897 2606 έιεος,
908 2522 989 2609 Myl.
998 2526 1076 2590 2691
1093 2514 1328 2605 Ἀρταξέρξευς,
1350 2521 1436 2586 Thes.

333 2631 425 2708 2161,
450 2615 757 2704 1ιἈριστομέυευς,
780 2628 799 2687 2
821 2617 1014 2704 Παγχάρευς
1034 2629 1217 2709 (praeterea
1242 2613 1310 2687 iam
1333 2621 1436 2708 legitur

329 2717 580 2804 Ἀριστοκλέους
601 2726 684 2803 etc),
705 2721 892 2801 inThasiis,
915 2743 995 2808 quos
1016 2720 1163 2785 Millerus
1186 2721 1287 2785 edidit
1298 2725 1323 2802 ²)
1347 2723 1379 2785 in
1398 2719 1435 2782 di-

334 2824 414 2906 ario,
436 2821 524 2909 quod
548 2819 735 2886 inscribitur
761 2821 894 2900 „Revue
923 2819 1193 2914 archdologique“
1220 2821 1296 2886 XII.
1326 2819 1393 2885 Vol.
1412 2823 1435 2883 2.

232 3007 234 3012 Ι
333 2921 403 2990 Ser.
431 2923 552 3003 (1865),
574 2943 606 3007 p.
631 2924 688 2986 139
709 2942 777 3007 sqq.
785 2969 794 3001 ,
818 2925 878 2989 268
901 2941 982 3006 sqq,
1004 2922 1064 2987 368
1087 2941 1166 3006 sqq,
1183 2941 1233 2985 nr.
1258 2929 1268 2986 1
1297 2909 1435 3002 nissae

333 3020 417 3103 deoc,
440 3027 459 3085 4
479 3010 709 3100 Ἐπικράτεος,
733 3011 929 3104 Εέηφένεος,
955 3024 974 3084 9
996 3012 1210 3094 Mesenen,
1232 3015 1432 3104 Παγγήθειζ,
1499 3071 1500 3080 ,

329 3115 612 3200 Ὀνομακλείδιυς,
639 3125 676 3186 12
697 3112 925 3205 Λειοφάιυυς;
946 3119 980 3182 in
1002 3115 1084 3183 Teio
1106 3125 1197 3202 3064,
1220 3124 1260 3184 29
1280 3121 1338 3181 τοῦ
1357 3119 1433 3196 Μερ-

331 3214 454 3307 μήδευς
475 3211 601 3301 πύργου
632 3218 700 3304 (qui
723 3217 825 3282 multa
853 3217 999 3303 vulgaris
1021 3215 1153 3304 linguae
1181 3219 1322 3304 vestigia
1347 3215 1433 3283 conti·

399 3455 424 3518 1)
448 3451 478 3506 in
496 3450 712 3520 ‚,Quaesti0num
734 3450 768 3503 de
794 3449 913 3504 dialecto
938 3449 1097 3506 Herodotea
1113 3451 1262 3523 specimine
1280 3453 1382 3524 ρτίιυοιι
1397 3447 1432 3504 ed.

330 3535 483 3606 Gottingae
502 3538 577 3590 1869.

396 3622 423 3686 2)
441 3618 691 3691 neglegentissime.
731 3618 803 3682 Quid
821 3617 894 3672 enim
913 3616 1055 3688 proficitur
1067 3619 1223 3673 huiusmodi
1234 3619 1432 3674 annotatiuncu·

329 3703 375 3757 lis:
394 3703 506 3773 „lettres
524 3703 683 3772 anciennes,
695 3697 752 3757 trbs
764 3701 851 3756 belles
865 3706 894 3755 et
908 3703 1059 3766 andernes
1077 3702 1173 3772 (veluti
1184 3721 1224 3756 nr.
1240 3707 1280 3773 15,
1293 3704 1341 3758 ubi
1358 3703 1434 3757 exsut

329 3786 724 3861 Avuaydpac),⁸charmantes,
741 3780 797 3839 tres
815 3789 905 3840 nattes
917 3789 989 3842 etc.“
1022 3786 1154 3841 Debebat
1164 3791 1285 3842 aetatem
1294 3785 1433 3858 inscriptio

330 3888 396 3926 num
419 3869 541 3926 definire.
567 3902 600 3910 -
628 3871 698 3924 Cum
720 3874 819 3940 reputo
844 3871 1011 3926 recentiores
1040 3876 1069 3925 et
1094 3871 1265 3942 antiquiores
1286 3871 1384 3926 formas
1401 3866 1432 3922 ibi

328 3955 482 4024 promiscue
501 3955 642 4027 usurpari,
669 3953 793 4024 suspicor
815 3971 862 4008 eas
888 3956 953 4009 inde
976 3955 1012 4008 ab
1035 3955 1187 4008 Alexandri
1203 3955 1302 4028 Magni
1324 3960 1433 4026 tempore

330 4043 456 4092 exaratas
478 4055 546 4094 esse.
564 4070 598 4079 -
614 4039 677 4094 Vol.
701 4036 772 4090 XIII
795 4037 868 4093 illius
893 4039 980 4109 diari,
1005 4039 1109 4110 quippe
1130 4040 1204 4110 quod
1227 4039 1256 4094 in
1278 4039 1433 4095 bibliotheca
1498 4025 1499 4066 l

328 4122 515 4180 universitatis
532 4121 685 4194 Lipsiensis
702 4121 818 4192 deesset,
837 4123 961 4176 adhiberi
978 4139 1034 4176 non
1052 4122 1137 4177 licuit.
