3008 4968
865 478 926 541 220

337 649 417 716 λαὸν
437 649 594 735 λεγόντων
614 660 680 720 τῶν
701 659 822 721 κοινῶν
843 651 875 722 οἳ
887 650 1030 724 Ἀττικοὶ
1051 653 1133 722 νεὼν
1153 653 1211 721 καὶ
1232 649 1317 720 λεὼν
1336 645 1433 738 φασίν,

336 747 420 816 οὕτω
450 751 506 818 καὶ
532 753 590 818 τὸν
617 753 719 839 λαγὸν
744 753 855 840 λαγὼν
878 758 994 844 φασίν,
1016 795 1058 806 -
1078 753 1117 822 τὸ
1140 751 1176 820 δὲ
1200 750 1330 838 laycos
1348 745 1436 814 Ἰωνι-

368 846 375 867 Ι
422 848 432 872 ἱ

336 874 395 914 κον
415 873 495 920 εστι.
1492 881 1493 884 ’

845 1010 874 1088 ξ.
899 1014 944 1074 11.
1492 1019 1493 1098 l

389 1168 447 1233 De
474 1169 753 1247 declinatione
775 1173 903 1237 altera
924 1174 962 1236 in
986 1187 1199 1237 consonam
1222 1168 1392 1234 exeunti.
1491 1149 1493 1236 l

217 1419 220 1426 Δ
267 1317 291 1379 i
398 1333 436 1398 ln
458 1335 593 1420 singulis
626 1337 909 1402 terminationibus
940 1347 1072 1425 praeter
1107 1360 1162 1419 ea,
1198 1357 1281 1424 quae
1310 1337 1340 1415 ξ.
1363 1341 1380 1398 5
1406 1329 1438 1393 de

337 1431 446 1498 dativo
467 1433 586 1520 plurali
607 1434 774 1522 disputata
786 1447 869 1518 sunt,
884 1459 988 1524 neque
1010 1437 1227 1523 elegiacorum
1248 1456 1351 1518 neque
1371 1432 1436 1494 iam·

336 1529 580 1618 bographorum
605 1533 762 1598 dialectus
785 1536 950 1622 peculiare
972 1536 1149 1624 quidquam
1171 1533 1316 1622 praebet.
1358 1529 1437 1594 Idem

337 1627 510 1695 dicendum
537 1641 586 1696 est
614 1632 655 1696 de
683 1634 838 1720 stirpibus
860 1639 894 1699 in
920 1657 1094 1700 consonam
1117 1631 1328 1720 gutturalem,
1349 1629 1438 1694 labia·

335 1727 413 1811 lem,
442 1730 618 1814 dentalem,
646 1731 803 1820 liquidam
831 1733 1038 1817 cadentibus,
1068 1756 1150 1822 quae
1176 1733 1211 1796 in
1237 1731 1376 1796 flexione
1400 1749 1439 1791 re

336 1829 485 1894 tineatur.
589 1883 597 1898 .
1493 1831 1494 1916 l

399 1927 565 2014 Singulari
595 1952 674 1994 vero
702 1932 828 1996 ratione
856 1931 1029 1997 flectuntur
1058 1934 1197 2018 stirpes,
1228 1929 1365 2016 quaein
1387 1925 1438 1990 fine
1493 1919 1494 2006 l

234 2029 246 2052 '
336 2037 392 2091 aut
412 2051 587 2092 consonam
609 2028 740 2113 habent,
765 2053 847 2118 quae
870 2029 947 2095 elidi
969 2030 1080 2113 soleat,
1102 2050 1131 2112 c,
1152 2052 1180 2112 s,
1203 2052 1229 2111 ν,
1252 2039 1309 2094 aut
1329 2025 1436 2092 mollio-

335 2149 388 2192 res
411 2115 541 2192 vocales
564 2151 586 2212 ι,
608 2152 637 2212 v,
659 2141 716 2194 aut
737 2129 954 2218 diphthongos
978 2134 1006 2208 ¹).

398 2227 466 2291 lam
489 2228 632 2312 singulas
655 2231 774 2316 stirpes
797 2231 1049 2296 consideremus.
1493 2311 1494 2322 ἵ

400 2333 428 2399 1)
462 2325 588 2413 Stirpes
622 2329 656 2391 in
688 2351 700 2390 ι
729 2329 875 2394 vocalem
906 2330 1088 2407 desinentes
1124 2349 1277 2412 magnam
1306 2327 1436 2391 flexurae
1493 2327 1494 2334 ’

335 2425 525 2488 varietatem
548 2449 629 2512 prae
651 2429 822 2493 scierunt.

399 2523 545 2587 Primum
577 2529 660 2589 enim
690 2527 757 2591 iota
786 2531 927 2593 retinent
948 2531 981 2592 in
1004 2527 1153 2593 omnibus
1177 2525 1317 2592 casibus.
1360 2524 1437 2604 Quae

336 2623 420 2687 ratio
452 2622 693 2709 simplicissima
722 2621 861 2713 inpura
889 2627 986 2710 Iade,
1016 2625 1141 2691 Doride
1169 2636 1200 2690 et
1219 2623 1357 2689 Aeolide
1377 2643 1437 2688 eon-

337 2722 546 2810 spirantibus,
579 2723 648 2788 sola
678 2727 799 2791 usitata
829 2735 909 2791 erat.
951 2727 989 2791 In
1021 2723 1289 2811 inscriptionibus
1323 2722 1436 2812 quiden

336 2844 443 2908 pauca
465 2832 589 2886 tantum
614 2827 752 2911 vestigia
779 2825 1079 2912 deprehenduntur3
1109 2826 1155 2890 sic
1174 2823 1297 2888 resedit
1317 2825 1351 2887 in
1371 2819 1437 2908 Myl.

337 2925 428 3004 2691,
448 2943 642 3010 quamquam
665 2924 686 2990 l.
710 2933 738 2992 5.
763 2934 800 2993 ro
822 2919 954 3000 πόλεως
981 2923 1115 3011 legitur,
1142 2924 1163 2989 l.
1185 2927 1219 2988 6:
1241 2917 1437 3009 nuvqu'lprl·

338 3041 384 3095 ος,
413 3027 446 3087 11
471 3017 611 3101 πράξιος
631 3045 673 3088 ex
695 3027 876 3112 antiquiore
896 3023 1023 3110 lingua,
1044 3025 1078 3088 in
1099 3023 1221 3087 Thasio
1243 3029 1342 3090 2161:
1367 3021 1387 3086 l.
1409 3024 1438 3084 11

336 3115 459 3202 λύσιος,
482 3143 666 3210 quanquam
689 3123 709 3189 l.
725 3133 760 3189 4:
781 3119 927 3199 πόλεως
948 3125 1080 3210 saepius
1100 3123 1231 3187 nomina
1252 3123 1386 3210 propria
1405 3117 1439 3184 ad

336 3219 420 3284 hanc
442 3243 587 3285 normam
614 3221 701 3287 flexa
728 3233 910 3303 occurrunt,
939 3225 1105 3287 conl'eras:
1131 3221 1205 3285 Hal.
1227 3221 1247 3286 l.
1271 3229 1305 3288 6:
1329 3211 1439 3283 'Ousd-
1494 3215 1495 3272 l

334 3339 414 3393 ιιος,
442 3327 473 3384 11
500 3313 712 3404 Λυγδάμιος,
732 3322 912 3408 Bosporon.
936 3328 1016 3387 2117
1039 3317 1177 3395 Heiutus,
1203 3329 1262 3384 etc.

399 3417 594 3505 Quanquam
617 3423 758 3504 optimus
780 3421 880 3484 Teius
904 3426 983 3489 3044
990 3471 999 3503 ,
1019 3421 1050 3485 A
1074 3427 1110 3487 31
1133 3421 1273 3485 formam
1294 3417 1436 3483 recentio-
1494 3495 1495 3502 ἵ

331 3514 403 3581 'rem
433 3517 485 3580 vel
516 3517 630 3581 saltem
661 3541 726 3582 non
756 3521 933 3608 antiquitus
968 3521 1111 3586 Ionicum
1144 3513 1283 3599 δυνάμει
1310 3515 1435 3582 exhibet.

336 3616 402 3682 Sed
424 3625 532 3680 tamen
555 3639 671 3701 prosae
694 3619 849 3712 orationis
866 3621 1042 3706 scriptores
1065 3641 1176 3684 omnes
1195 3618 1339 3682 Ionicam
1360 3613 1434 3678 illam

336 3714 601 3780 consuetudinem
635 3717 926 3783 innumerabilibus
961 3717 1154 3784 confirmant
1188 3715 1355 3805 exemplis.
1393 3712 1434 3777 Ac

335 3885 543 3894 ...,-..-..---·-

405 3983 428 4050 1)
446 3979 507 4044 Quo
526 3979 585 4033 iure
603 3979 702 4050 stirpes
719 3981 748 4032 in
770 4002 789 4049 ι,
809 4002 833 4049 v,
851 3985 880 4034 et
898 3981 1085 4054 diphthongos
1103 3986 1234 4036 exeuntes
1251 3982 1280 4036 in
1300 3992 1431 4035 consonam

336 4061 409 4116 exire
427 4063 481 4116 dici
498 4063 613 4134 possint,
632 4062 780 4134 explicavit
793 4061 826 4118 G.
842 4063 952 4120 Curtius
971 4067 1000 4120 in
1018 4067 1089 4120 libro
1107 4066 1186 4120 inser.
1208 4066 1429 4136 „Erlliuterungen

335 4164 369 4200 zu
387 4146 491 4201 meiner
507 4145 611 4218 griech.
631 4145 898 4217 Schulgrammatik“
916 4167 943 4220 p.
963 4153 1004 4204 48.
