3034 4964
439 1543 442 1550 .
488 1460 705 1562 CAPUT
732 1463 770 1559 Ι.

528 1743 723 1793 EXORDI'UM.

130 1939 337 2030 Quamquam
358 1945 538 2010 recentiore
552 1953 698 2032 tempore
718 1966 815 2032 saepe
830 1943 870 2010 de
886 1945 1025 2007 transitu
1041 1943 1184 2006 tenuium

75 2037 273 2106 Graecarum
295 2044 329 2106 in
351 2043 514 2130 aspiratae
537 2042 737 2130 disputatum
759 2051 825 2121 est,
848 2065 921 2106 cum
944 2044 977 2105 in
999 2039 1107 2106 multis
1127 2062 1184 2106 vo-

75 2139 195 2206 cabulis
219 2141 384 2226 aspiratae
406 2165 448 2206 ex
469 2141 619 2206 tenuibus
648 2155 744 2207 natae
767 2164 838 2206 esse
859 2141 1045 2227 linguarum
1067 2162 1185 2224 cogna-

76 2251 176 2303 tarum
201 2241 446 2326 comparatione
469 2242 784 2324 demonstrarentur,
806 2250 916 2304 tamen
937 2239 1106 2318 neminem,
1130 2239 1184 2322 qui

74 2335 212 2404 inhanc
234 2361 304 2403 rem
325 2339 545 2424 inquisiverit,
568 2339 683 2404 latebit
705 2339 812 2404 adhuc
834 2347 866 2402 et
887 2335 1065 2426 permultas
1088 2359 1185 2423 quae·
1276 2347 1279 2352 '

74 2437 188 2502 stiones
214 2436 257 2502 ad
280 2436 480 2524 singulorum
495 2437 727 2504 vocabulorum
753 2437 1004 2524 explicationem
1024 2437 1185 2522 pertinen-

73 2542 117 2599 tes
138 2535 286 2623 integras
314 2535 445 2601 relictas
475 2559 546 2602 esse
576 2561 636 2602 nec
665 2542 795 2604 omnino
826 2539 985 2601 rationem
1015 2533 1183 2598 historiam

74 2735 213 2817 positum
245 2744 293 2798 est
320 2744 422 2798 totam
454 2733 539 2798 hanc
567 2758 636 2800 rem
667 2739 715 2801 ita
744 2757 996 2822 recognoscere,
1028 2743 1064 2797 ut
1091 2753 1186 2819 quae·

75 2853 196 2919 cunque
220 2833 263 2897 ad
287 2855 359 2897 eam
380 2829 608 2898 illustrandam
638 2836 823 2922 pertineant
853 2841 884 2897 et
912 2831 1019 2898 adhuc
1040 2830 1190 2916 neglecta

75 2952 142 2994 esse
162 2931 340 2996 videantur
361 2954 459 3018 quam
479 2935 726 2998 accuratissime
748 2933 959 3018 colligantur,
985 2929 1188 3015 explicentur

75 3037 105 3091 et
124 3031 270 3095 maxime
290 3031 371 3094 fines
385 3029 473 3095 illius
488 3034 644 3097 transitus
659 3031 840 3098 luculenter
856 3029 1091 3094 describantur.
1124 3027 1189 3094 Sed

75 3138 248 3213 antequam
268 3138 356 3193 recte
378 3129 556 3214 procedere
578 3133 683 3218 possit
711 3153 786 3195 mea
813 3127 1007 3214 disputatio,
1037 3149 1118 3212 opus
1142 3136 1190 3190 est

74 3247 111 3289 ea
131 3249 231 3311 quam
258 3226 451 3292 brevissime
480 3250 666 3315 exponere,
700 3251 783 3316 quae
805 3227 912 3294 adhue
933 3227 974 3291 de
1000 3223 1057 3289 illa
1079 3246 1116 3288 re
1138 3247 1191 3289 ex-

75 3323 203 3409 plorata
223 3325 392 3393 habemus.
1181 3375 1182 3378 ,

132 3423 184 3488 Ac
207 3425 348 3512 primum
371 3425 502 3513 quidem
522 3427 607 3491 inter
630 3447 744 3491 omnes
766 3433 894 3491 constat
917 3426 1016 3488 etiam
1032 3424 1067 3486 in
1080 3421 1190 3486 multis

74 3521 145 3588 aliis
181 3523 317 3609 linguis,
357 3544 440 3611 quae
473 3519 770 3610 Indogerinanicae
803 3533 979 3590 vocantur:
1015 3523 1049 3586 in
1080 3521 1193 3608 lingua

77 3617 294 3712 Sansorita
320 3623 373 3698 (of.
397 3621 601 3688 Grassmann
629 3625 663 3687 in
683 3623 808 3688 Kuhnii
836 3619 954 3688 annall.
976 3619 1053 3686 XII.
1081 3629 1135 3688 tot
1161 3629 1193 3684 et

77 3717 277 3786 Schleieheri
298 3721 529 3808 compendium
550 3745 625 3810 pag.
641 3729 805 3790 162-172
821 3721 870 3790 ed
885 3723 940 3804 Il),
962 3719 1193 3786 Bactriana

75 3819 124 3896 (cf.
141 3819 267 3907 Boppii
287 3843 336 3922 gr.
360 3843 503 3908 compar.
525 3821 551 3886 Ι.
573 3827 602 3888 2.
625 3824 665 3888 69
688 3832 720 3885 et
742 3821 900 3888 Sehleich.
916 3819 971 3886 ll
996 3839 1071 3906 pag.
1090 3826 1192 3901 186,—

77 3922 164 4000 188),
197 3918 427 3986 Hibernica
456 3919 509 3996 (of.
529 3917 690 3983 Schleiob.
718 3942 794 4005 pag.
817 3925 898 4000 281),
930 3918 1120 3983 Umbrica
1141 3919 1193 3992 (cf.

75 4013 235 4081 Aufrecbt
256 4027 288 4081 et
308 4017 484 4083 Kirohhoff
500 4017 524 4083 l.
548 4023 609 4102 78),
632 4016 889 4102 Germanica,
912 4017 1029 4106 quibus
1052 4018 1191 4097 accedit,

76 4125 109 4177 ut
131 4125 247 4201 postea
269 4116 404 4202 docebo,
426 4119 526 4184 etiam
546 4116 710 4201 Latina,
734 4140 832 4206 saepe
852 4128 963 4183 tenues
980 4117 1013 4180 in
1029 4117 1189 4200 aspiratae

125 4225 264 4280 Curtius,
284 4228 386 4270 staden.
403 4225 423 4270 Ἃ.
968 4238 983 4286 5
