3056 4968
883 444 943 508 158

806 527 1014 540 ---—-—...-.

857 628 886 705 ἐ,
913 631 957 692 16.

412 720 564 805 Denique
586 720 667 785 haec
688 719 755 786 due
774 723 925 808 exempla
945 725 980 788 in
1000 722 1231 787 vetustissimis
1254 721 1462 786 monumentis

356 819 484 904 prolata
504 818 685 901 ostendunt,
707 843 727 880 n
749 823 919 887 evanuisse
939 831 1014 886 ante
1035 846 1067 884 v:
1200 819 1207 850 ⁸

413 925 446 980 s'n
468 922 653 981 recentioris}
679 920 725 995 (in
748 930 877 984 senatus
904 921 1048 986 consulto
1070 921 1110 985 de
1131 919 1298 984 Bacchea
1319 917 1339 983 1.
1364 923 1416 996 22)
1437 928 1464 982 et

352 1021 384 1080 iu
406 1022 571 1083 covenumis
593 1017 642 1092 (O.
663 1016 688 1082 I.
710 1018 784 1082 Lat.
805 1020 831 1101 I,
854 1025 937 1098 532).
1522 1019 1523 1028 ¹

414 1115 526 1202 Neque
546 1116 643 1182 alia'
633 1141 667 1182 m
689 1117 847 1182 Umbrica
865 1119 980 1203 lingua
1002 1118 1118 1183 horum
1142 1089 1398 1202 compositorum
1421 1125 1465 1178 est

352 1215 435 1279 rat10
441 1263 450 1296 ,
479 1216 518 1280 cf.
547 1219 724 1278 turrita:
716 1216 921 1282 eonveh1t0
928 1266 937 1299 ,
966 1222 1152 1280 Incerta:
1179 1238 1299 1280 conver
1301 1217 1359 1280 tite
1379 1214 1463 1294 (ΑΚ,

352 1335 492 1380 menum.
514 1313 610 1380 Umb.
635 1315 661 1397 Ι,
676 1321 744 1406 92).

417 1413 474 1476 Att
462 1423 570 1477 tamen
599 1437 681 1501 quae
702 1437 817 1478 norma
846 1416 880 1478 in
902 1414 952 1478 his
975 1424 1024 1479 est
1044 1414 1235 1495 observata,
1264 1436 1330 1478 nen
1360 1413 1464 1499 potuit

351 1513 391 1574 in
406 1511 508 1578 verbo
534 1518 602 1576 nelo
584 1512 758 1596 evalem,
788 1536 892 1600 neque
918 1537 990 1578 cum
1012 1513 1175 1588 Oersseno
1195 1515 1376 1594 consentio,
1415 1513 1463 1598 qui

234 1687 236 1694 ,
294 1647 295 1654 “
350 1609 403 1685 (de
420 1613 594 1698 pronum²
616 1616 731 1698 pete)
745 1615 880 1692 notavit,
901 1620 968 1675 noto
986 1614 1106 1678 facturn
1128 1635 1199 1678 esse
1222 1635 1265 1678 ex
1286 1614 1462 1690 *noIalvolc

351 1710 434 1773 Nam
457 1719 646 1795 comparate
673 1711 773 1775 verbo
796 1715 908 1774 nescio
937 1713 1136 1798 primitivam
1164 1713 1303 1779 formam
1324 1711 1460 1772 *nc-vole

351 1830 422 1872 esse
443 1809 674 1896 perspicimus,
703 1811 737 1872 in
765 1833 829 1898 qua
856 1813 1013 1894 fortasse,
1043 1810 1316 1898 quemadmodum
1341 1811 1461 1880 *sedas
1522 1855 1523 1900 t

345 1909 485 1970 ise-cors
508 1907 657 1971 abierunt
678 1909 712 1972 in
733 1915 831 1984 solvo,
853 1935 971 1992 secors,
993 1910 1114 1994 ¹eodem
1136 1910 1232 1982 modo
1256 1911 1377 1996 prioris
1401 1907 1460 1994 syl‘
1522 1915 1523 1936 ¹

349 2005 444 2071 labae
466 2007 590 2072 vocalis
612 2009 659 2072 sic
681 2008 798 2072 affecta
820 2018 878 2092 est,
899 2019 935 2074 ut
957 2013 1081 2071 *novole
1102 2009 1202 2074 fieret.

852 2164 881 2241 §-
908 2167 952 2224 17.

432 2272 584 2360 Sequitur
611 2284 645 2337 ut
677 2275 717 2338 de
745 2276 787 2342 iis
815 2275 951 2340 vocibus
978 2284 1170 2362 quaeratur,
1201 2275 1236 2338 in
1262 2272 1381 2361 quibus
1407 2272 1455 2336 lit·

346 2383 433 2438 teras
455 2379 492 2433 ut
509 2375 696 2440 coniunctas
718 2374 793 2438 olim
820 2375 919 2440 firisse
941 2384 1076 2440 constat.
1119 2374 1149 2438 E
1171 2373 1288 2458 quibua
1311 2371 1355 2436 ad
1376 2372 1456 2435 hanc

348 2473 599 2558 disputationem
632 2495 728 2538 unum
768 2476 908 2559 pertinet
947 2479 1016 2536 ilico
1052 2473 1139 2558 qued
1171 2473 1291 2536 sactum
1331 2481 1382 2536 est
1417 2491 1456 2534 ex
1522 2539 1523 2556 ¹

347 2577 379 2634 iu
399 2579 471 2637 loeo.
516 2570 615 2638 Cuius
638 2593 741 2658 prope
763 2572 876 2638 eadem
897 2575 981 2638 ratio
1002 2573 1083 2640 mihi
1105 2572 1232 2636 videtur
1252 2591 1341 2651 esse,
1362 2589 1454 2654 quam

347 2695 447 2759 supra
468 2676 508 2752 (ξ.
527 2676 579 2747 10).
595 2671 631 2733 in
652 2693 732 2738 voce
746 2676 969 2736 mercennarius
991 2673 1097 2750 statui,
1120 2679 1350 2756 praeterquam
1372 2665 1473 2752 quod·

348 2773 510 2856 scriptura
536 2769 657 2834 tradita
688 2770 820 2834 diversa
842 2780 899 2838 est.
944 2772 1027 2836 Nam
1057 2780 1092 2834 ut
1120 2769 1159 2832 de
1181 2769 1243 2834 hoc
1264 2767 1367 2832 verbe
1389 2775 1454 2828 erat

347 2869 566 2951 iudicandum,
589 2877 713 2934 rectam
734 2868 865 2954 quidem
883 2893 953 2945 esse
970 2873 1164 2956 scripturam
1186 2889 1258 2932 cum
1274 2890 1318 2928 aa
1332 2865 1451 2932 duabus

236 3034 258 3058 ,-
347 2970 463 3035 litteris
487 2978 659 3056 prepterea
681 2969 768 3056 qued
789 2969 879 3032 illam
900 2971 1013 3054 optimi
1028 2970 1156 3034 codices
1170 2966 1378 3054 praeberent,
1400 2961 1450 3030 sed

346 3092 411 3134 non
433 3068 519 3156 qued
540 3078 653 3134 natum
680 3076 766 3132 esset
793 3090 833 3132 ex
857 3071 1109 3146 *merceduarissa
1138 3071 1185 3130 ita
1209 3067 1307 3136 etiam
1336 3064 1389 3128 hic
1410 3071 1450 3126 est

349 3169 536 3250 dicendum,
568 3190 639 3231 cum
669 3188 834 3250 nunquam
863 3168 926 3232 hec
957 3167 997 3232 de
1029 3190 1091 3256 quo
1124 3165 1220 3232 mode
1250 3163 1447 3250 disputamus

346 3268 482 3333 verbum
512 3269 668 3354 scriptum
691 3268 874 3336 inveniatur
896 3268 1060 3354 geminata
1082 3267 1154 3346 2¹⁶),
1183 3285 1249 3328 non
1272 3261 1373 3326 licere
1394 3261 1447 3326 alia

347 3370 509 3453 scriptura
537 3368 599 3447 uti,
632 3367 708 3430 nisiv
725 3369 809 3448 ilr‘r03
840 3365 942 3430 nihilo
964 3387 1042 3430 vero
1065 3366 1170 3428 minus
1193 3361 1338 3426 mediam
1360 3381 1446 3446 quan·

347 3467 422 3535 dam
452 3465 653 3530 intercedere
692 3466 836 3562 petuisse
863 3467 1000 3530 formam
1032 3469 1111 3525 illico
1141 3463 1226 3526 inter
1266 3465 1298 3521 in
1336 3466 1398 3522 loce
1424 3465 1457 3522 et·
1490 3477 1492 3484 ’

340 3571 421 3644 ,ilico
438 3564 516 3648 1)Αᾶ
538 3587 634 3650 quam
658 3587 713 3630 sen
715 3565 849 3628 tentiam
871 3563 1124 3651 confirmandam
1135 3561 1297 3628 adhibere
1318 3579 1446 3646 pessum,

337 3664 432 3754 'qued
449 3663 656 3744 deminutive,
674 3685 756 3750 quae
772 3662 945 3728 desinunt
936 3685 971 3728 m
985 3668 1063 3725 olla:
1078 3665 1191 3752 seruile
1210 3681 1252 3723 ex
1263 3661 1446 3734 *ceromata

342 3769 477 3846 petrella
499 3785 541 3828 ex
562 3761 710 3842 *persam
711 3768 769 3844 )1α,
799 3774 892 3835 exort
893 3786 913 3826 a
880 3770 1008 3826 tsunt
1036 3783 1093 3848 per
1115 3757 1383 3860 assimilationem
1404 3753 1446 3830 (et

400 3894 446 4010 16)
447 3893 551 4007 due'
537 3959 595 3996 rure
613 3941 664 3996 Ian
684 3944 757 4014 apud
775 3941 847 3996 Plin.
862 3941 896 3999 N.
912 3943 946 3996 H.
962 3941 1040 4009 XIII,
1055 3944 1087 3994 20
1105 3937 1272 4010 scripserit
1232 3939 1342 3994 tillico
1356 3919 1443 3998 nescis,

337 4028 506 4098 praesertim
524 4043 585 4079 eum
607 4025 752 4082 Detlefsen
769 4025 919 4080 restituerit
936 4027 1016 4093 ilice,
1036 4023 1147 4078 alterius
1165 4023 1319 4094 scripturae
1337 4021 1443 4075 testimo

345 4112 391 4165 uio
408 4128 465 4164 non
483 4110 574 4166 allato
672 4113 680 4126 ⁸
