3056 4968
573 483 629 550 tot

497 562 704 580 u--u——a-q—

552 665 581 743 ξ.
605 669 653 732 23.

113 808 176 873 Iam
186 809 415 896 perlustremus
431 811 599 894 vocabula,
616 833 698 900 quae
715 833 787 876 curn
801 809 877 876 olim
890 816 917 872 sl
930 807 1155 893 ostendissent,

60 916 117 971 tum
137 907 315 974 sibilantem
338 911 552 976 extriverunt:
673 990 674 994 Ἰ

114 1013 177 1071 alea
197 1029 238 1072 ex
259 1009 368 1072 *aclea
395 1019 601 1096 procreatum
632 1031 703 1074 esse
728 1009 852 1074 Pottius
880 1013 1030 1096 (quaesit.
1059 1018 1155 1095 etym.

59 1107 85 1170 l¹
105 1113 172 1186 519)
194 1109 308 1173 statuit
329 1130 349 1172 a
371 1105 440 1174 rad.
464 1133 498 1170 as
520 1109 626 1174 iacere
649 1109 699 1186 (cf.
713 1111 870 1188 praealtas
892 1128 952 1193 pro
965 1111 1155 1186 pra-asulae

59 1203 194 1286 Wurfel).

109 1303 208 1369 Porro
231 1309 327 1385 pilum
360 1304 528 1372 descendit
553 1329 573 1370 a
600 1303 669 1371 rad.
698 1309 748 1385 pis
769 1303 847 1381 (Set.
867 1309 950 1385 pist)
979 1316 1155 1390 conterere,

58 1403 253 1486 commolere,
284 1427 367 1492 quae
389 1403 463 1491 ipsa
487 1413 518 1470 et
539 1407 723 1481 immutata,
748 1409 851 1484 pisere
876 1405 961 1468 enim
984 1404 1072 1492 apud
1094 1403 1156 1470 Oa-

56 1510 152 1566 tonem
172 1512 204 1568 ct
224 1501 366 1570 Plinium
393 1505 571 1590 reperitur,
599 1512 630 1568 et
648 1499 754 1568 nasali
776 1511 885 1568 aucta:
914 1509 1038 1584 pinsere
1068 1503 1157 1591 apud

55 1597 183 1666 Ennium
207 1601 367 1667 Varronis
389 1603 572 1667 testimonio
602 1602 746 1690 aliosque
770 1604 961 1689 scriptores,
981 1608 1077 1684 pilum
1097 1605 1156 1690 igi·

55 1709 99 1763 tur
120 1699 239 1766 dictum
262 1711 311 1766 est
332 1711 388 1766 aut
412 1723 471 1789 pro
493 1701 675 1780 *piundum
699 1710 753 1766 aut
779 1714 790 1763 t
809 1703 930 1768 inserto
954 1725 1013 1790 pro
1035 1703 1155 1784 *pistu-

52 1803 112 1881 tam,
132 1799 167 1864 id
189 1800 276 1888 quod
294 1803 429 1880 pistillos
451 1800 678 1890 commendare
701 1799 838 1864 videtur.

108 1905 224 1978 qualum
248 1921 265 1964 e
286 1899 392 1964 forma
409 1899 598 1981 *quusilum‚
620 1899 782 1980 *questura
805 1900 1021 1982 contrahitur,
1044 1911 1080 1966 ut
1102 1899 1154 1966 de·

54 1998 234 2064 minutivum
258 2002 404 2079 quariltus
427 1996 548 2062 edocet.
592 1997 796 2084 Quamquam
816 1995 1007 2062 Doederlini
1030 1997 1156 2084 (synon.

54 2104 80 2157 et
99 2105 192 2183 etym.
216 2097 263 2162 VI
285 2119 316 2183 p.
343 2102 414 2175 295)
438 2097 642 2161 coniecturae
667 2105 800 2182 propter
825 2093 973 2161 Graecae
996 2119 1156 2162 consonae

53 2193 75 2252 u
95 2216 165 2258 curn
188 2195 334 2260 sibilanti
349 2197 573 2280 cognationem
587 2187 699 2270 κάθος
714 2217 849 2283 quoquc,
872 2195 957 2284 quod
971 2195 1156 2282 Hesychius

52 2293 179 2358 tradidit
200 2291 420 2380 explicatione
449 2293 562 2360 addita
584 2285 703 2376 σπυρίς
730 2317 803 2358 cum
824 2299 932 2376 qualus
958 2303 990 2358 et
1011 2299 1157 2376 quasillis

52 2391 299 2478 comparandum
330 2415 401 2458 esse
427 2415 527 2457 unum
557 2391 678 2474 obstat,
713 2393 799 2479 quod
826 2415 923 2459 sonus
950 2394 1089 2460 sortasse
1117 2395 1156 2457 si·

51 2489 129 2554 milis
158 2501 221 2573 est,
254 2491 341 2556 nullo
369 2492 465 2558 modo
488 2492 603 2556 similis
632 2502 681 2556 est
708 2493 800 2578 origo
827 2515 936 2557 aarum
959 2492 1156 2575 litterarum3

50 2608 208 2676 nunquam
231 2593 315 2655 enim
338 2589 465 2657 Graeco
488 2594 516 2654 θ
537 2589 712 2678 respondet
732 2589 883 2657 Latinum
905 2617 927 2658 s.

104 2685 142 2752 In
163 2689 215 2754 his
237 2688 343 2753 tribus
359 2689 469 2766 yerbis
490 2688 613 2754 vocalis
636 2688 796 2776 producta
819 2699 967 2780 apparet,
990 2689 1047 2754 ubi
1063 2701 1158 2754 antea

49 2783 152 2852 brevis
174 2788 282 2854 locum
309 2798 465 2852 tenuerat.
508 2788 553 2854 At
575 2811 639 2854 uno
661 2790 693 2852 in
716 2788 828 2870 verbo,
852 2789 1001 2876 quamvis
1023 2813 1037 2849 s
1058 2797 1158 2854 aniel

50 2887 200 2951 omissum
221 2887 272 2964 sit,
294 2885 403 2952 brevis
425 2886 548 2952 vocalis
569 2896 727 2952 remanet:

102 2991 310 3067 corpulentus,
337 2983 378 3050 de
402 3008 464 3074 quo
488 2985 636 3052 conferas
659 3008 741 3074 quae
764 2984 804 3049 de
824 2989 1018 3064 sempiternus
1040 2989 1081 3068 (ξ.
1109 2991 1157 3065 12)

48 3078 219 3169 disputavi.

552 3287 580 3364 e.
603 3288 652 3350 24.

106 3431 405 3516 Transgrediemur
427 3431 469 3496 ad
492 3452 547 3494 eas
569 3453 676 3512 voces,
698 3431 732 3494 in
755 3430 871 3514 quibus
894 3440 969 3496 ante
982 3455 1010 3492 m
1031 3432 1158 3496 eiectio-

45 3549 117 3592 nem
140 3529 305 3594 sibilantis
328 3539 469 3593 statuere
492 3528 689 3594 debebimus.
1042 3611 1043 3614 Ἴ

103 3627 143 3692 In
168 3627 296 3694 duobus
318 3627 429 3694 verbis
456 3631 605 3714 antiquos
627 3654 642 3690 s
664 3639 738 3696 ante
756 3653 784 3690 ra
808 3628 934 3694 locutos
962 3651 1032 3694 esse
1059 3629 1158 3694 tradi-

44 3733 110 3789 tum
133 3737 200 3791 est:
237 3732 375 3788 dumosae
402 3737 434 3792 ct
457 3731 548 3792 eruca.
591 3728 644 3794 De
673 3727 775 3794 verbo
810 3752 891 3792 muers
922 3731 956 3794 in
977 3728 1041 3792 fine
1063 3727 1158 3792 huius

45 3825 249 3911 paragraphi
276 3823 523 3910 disputabimus.
567 3832 705 3888 dumosae
728 3837 836 3894 autem
864 3827 984 3894 dictum
1007 3849 1077 3890 csse
1100 3849 1158 3913 pro

45 3917 225 3986 *daemosar
262 3923 357 3987 facile
392 3935 441 3987 est
467 3923 630 3988 intellectu
660 3949 701 3990 ex
730 3949 768 3990 ea
798 3925 1032 4012 explicatione,
1063 3947 1158 4011 quam

44 4017 162 4086 Festus
186 4022 281 4086 affert
302 4027 345 4108 (p.
368 4026 425 4104 67,
446 4027 464 4088 8
486 4021 623 4103 Muell.):
653 4031 754 4088 dormo
776 4030 809 4088 in
837 4031 900 4088 loco
921 4023 1009 4112 apud
1030 4023 1159 4088 Livium

44 4119 292 4199 (Andronicum)
315 4119 477 4206 significat
498 4121 667 4188 dumosam
691 4122 807 4191 locum.
852 4124 1060 4211 Quapropter
1084 4121 1158 4190 Gar.

897 4226 925 4276 lt
934 4224 947 4252 *¹
