3056 4968
131 771 303 858 Pergimus
326 770 369 836 ad
392 793 448 837 eas
473 795 587 856 voces,
609 775 643 838 in
666 769 782 861 quibus
804 767 914 834 littera
937 774 1049 834 desem
1072 793 1088 832 c
1109 791 1182 836 con·

75 871 181 936 venire
196 869 345 954 debebat,
359 869 394 935 id
405 871 492 960 quod
510 873 702 960 saepissime
718 870 756 935 fit
769 869 803 935 in
815 865 982 933 vocabulis
999 887 1071 932 cum
1088 889 1181 954 prae-

75 971 228 1056 positione
250 976 292 1032 αι)
311 971 509 1057 compositis.
547 969 613 1036 Sed
631 968 750 1057 ubique
770 977 845 1034 ante
864 991 879 1031 o
897 967 1038 1032 litteram
1056 965 1180 1031 assimi-

74 1063 155 1134 latur
178 1068 327 1151 dentalis,
349 1077 384 1134 ut
404 1067 462 1134 fiat
483 1093 519 1132 oc
541 1077 674 1136 auctore
696 1067 815 1133 Velio
836 1067 997 1153 Longo,
1022 1065 1079 1152 qsri
1100 1064 1182 1130 baec

76 1167 150 1233 dicit
170 1175 213 1255 (p.
238 1172 335 1251 2225,
366 1173 398 1234 11
422 1167 583 1245 Putscb.):
616 1166 680 1250 „Si
702 1188 800 1232 sonus
822 1164 1019 1247 consulitur,
1048 1164 1183 1230 interest

74 1269 209 1350 aurium,
240 1275 276 1330 ut
298 1290 313 1328 c
335 1267 442 1354 potius
464 1289 561 1356 quam
583 1272 605 1329 d
625 1265 789 1331 scribatur
798 1267 817 1301 “
845 1274 942 1354 atque
962 1263 1182 1330 Prisciano

73 1365 121 1449 (II,
142 1372 172 1433 6.
191 1370 218 1432 7,
238 1365 307 1442 Η.)ι
330 1366 391 1448 „in
412 1371 433 1428 ol
453 1365 540 1431 nulla
562 1374 671 1454 potest
693 1363 821 1453 syllaba
843 1364 991 1430 desinere
1013 1361 1182 1450 praeposi·

72 1467 136 1530 tiva
149 1465 215 1530 nisi
231 1487 366 1552 sequens
382 1487 510 1554 quoque
525 1463 566 1529 ab
584 1463 697 1529 eadem
713 1465 849 1552 incipiat
863 1461 1001 1528 -baec
1015 1461 1089 1549 ipsa
1107 1483 1180 1526 con·

72 1587 186 1631 sonans
207 1565 242 1629 in
258 1569 300 1626 od
314 1564 556 1650 praepositione
571 1571 712 1629 mutatur
731 1572 883 1651 sequente
899 1563 944 1628 c.“
975 1559 1181 1648 Quamquam

72 1666 102 1729 in
115 1687 178 1730 uno
194 1661 282 1752 quod
298 1664 397 1727 sciam
419 1662 519 1728 verbo
540 1657 671 1728 servata
693 1672 742 1727 εεῖ
762 1661 871 1726 littera
891 1665 921 1744 d,
936 1663 1048 1726 idcirco
1070 1658 1182 1740 diccl)

72 1763 133 1828 Sed
155 1761 282 1828 duobus
305 1761 338 1825 in
359 1761 527 1827 vocabulis
550 1763 676 1827 eiicitur
699 1767 721 1824 d
741 1772 815 1827 ante
835 1759 1040 1848 gutturalem.

128 1861 276 1928 Primum
298 1860 332 1924 in
354 1864 495 1942 quocirca
516 1883 576 1948 pro
599 1861 795 1944 *quodcirca
815 1882 912 1944 quam
934 1857 1128 1946 particulam
1148 1859 1182 1923 in

71 1958 281 2050 inscriptione
313 1957 391 2034 (vid.
422 1957 486 2046 leg.
510 1968 616 2048 repet.
643 1959 663 2026 l.
694 1966 741 2027 13.
765 1987 807 2012 =
836 1957 873 2024 Ο.
901 1955 927 2023 Ι.
955 1955 1027 2022 Lat.
1054 1955 1080 2034 I,
1111 1960 1181 2034 198)

71 2059 264 2126 disiunctam
278 2057 404 2124 duobus
419 2057 587 2126 vocabulis
603 2058 750 2124 videmus
766 2061 857 2140 (qood
870 2059 964 2133 circo)
984 2077 1023 2121 ac
1037 2051 1180 2144 priorem

71 2160 197 2248 quidem
225 2180 339 2223 vocem
369 2165 449 2240 qood
468 2158 648 2225 Oorssenus
674 2155 726 2238 (de
754 2154 924 2244 pronunt.²
952 2176 983 2244 p.
1008 2159 1074 2221 197.
1103 2157 1181 2232 not.)

71 2259 136 2324 iure
151 2258 379 2324 accusativum
393 2281 464 2323 esse
480 2259 645 2323 existimat
659 2261 772 2340 (qaid),
788 2279 853 2320 non
869 2253 1048 2320 ablativum
1064 2257 1178 2338 (quod),

70 2381 160 2446 quern
193 2366 368 2446 propterea
398 2355 617 2423 Buechelerus
647 2355 780 2436 (declin.·
803 2353 878 2419 Lat.
906 2376 937 2440 p.
966 2355 1018 2432 48)
1050 2351 1178 2442 probat,

71 2457 154 2546 quod
185 2456 250 2522 alio
278 2457 312 2525 in
342 2467 547 2546 monumento
576 2455 608 2534 (l.
636 2455 721 2521 Iulia
747 2454 865 2520 munic.
896 2448 917 2518 l.
942 2458 1008 2521 118.
1034 2481 1074 2506 =
1095 2449 1131 2520 Ο.
1153 2449 1178 2518 Ι.’

69 2557 137 2622 Lat.
159 2555 184 2639 I,
206 2560 279 2634 206)
301 2578 365 2620 non
387 2559 544 2640 quocirca,
569 2555 626 2622 sed
647 2580 704 2638 qao
727 2561 809 2618 circo
831 2553 987 2642 scriptum
1010 2559 1073 2633 cst,
1096 2573 1179 2637 quae

69 2655 169 2721 forma
191 2678 249 2737 quo
271 2677 330 2740 pro
354 2654 420 2720 solo
443 2654 586 2722 ablativo
616 2655 771 2744 usurpari
793 2651 888 2719 solita
918 2659 976 2717 est.
1019 2649 1086 2715 Sed
1106 2647 1179 2714 cum'

70 2755 266 2842 praepositio
290 2757 373 2815 circo
384 2777 545 2842 nusquam
563 2779 634 2820 cum
652 2751 807 2835 ablativo,
819 2775 947 2838 semper
964 2773 1037 2816 cum
1049 2771 1179 2816 accusa-

70 2855 132 2919 tivo
147 2853 373 2937 coniungatur,
396 2853 450 2940 qui
473 2877 567 2920 casus
590 2853 717 2920 etiamsi
740 2852 939 2940 praepositio
961 2847 1178 2938 postponitur,

68 2952 183 3040 ubique
220 2960 404 3034 remaneat,
444 2963 480 3017 ut
512 2955 546 3018 in
579 2951 727 3020 omnibus
766 2947 1060 3038 praepositionibus
1095 2968 1178 3033 quae

68 3057 302 3138 postponuntur
332 3087 373 3097 -
412 3051 592 3140 particulae
623 3052 709 3118 enim
742 3062 811 3114 anto
846 3057 878 3114 et
904 3059 976 3128 post
1011 3043 1178 3112 subiectae

68 3147 224 3217 adverbia
256 3148 337 3214 fiunt
367 3187 408 3233 τ
440 3173 576 3242 cumque
614 3152 649 3216 in
688 3153 799 3214 idcirco
836 3169 1014 3234 pronomen
1045 3149 1077 3206 id
1109 3137 1178 3210 sine

69 3245 164 3314 dubio
196 3248 240 3318 sit
261 3251 486 3340 aecusativus,
516 3273 636 3337 negare
663 3272 729 3315 non
759 3245 910 3327 audeam,
943 3243 1116 3319 relativum
1142 3245 1177 3310 in

69 3351 207 3426 quocirca
229 3369 300 3414 esse
318 3352 549 3417 accusativum.
570 3387 610 3397 —
631 3345 878 3436 Acceditquod
899 3347 998 3410 etiam
1015 3341 1178 3432 particula

68 3459 251 3528 quopropter
272 3469 369 3535 quam
392 3441 547 3537 quantum
569 3449 717 3540 equidem
741 3448 858 3530 sciam,
874 3467 967 3511 nemo
988 3443 1095 3509 adbuc
1116 3467 1177 3532 pro

68 3545 308 3634 praepositione
324 3561 455 3630 proptor
474 3550 645 3614 coniuncta
667 3571 740 3618 oum
763 3545 905 3613 ablativo
925 3541 1094 3628 babuerat,
1116 3566 1176 3632 per

67 3644 368 3824 tqueepqrqisspribitur
403 3645 491 3735 apud
520 3647 708 3714 Terentium
742 3648 866 3734 Hecyr.
893 3643 957 3728 III,
996 3651 1024 3727 3,
1052 3649 1071 3713 l
1104 3649 1176 3722 (364

69 3873 275 3889 -uu——n-

115 3963 140 4030 5)
164 3961 307 4033 Scriptura
324 3963 426 4018 iccirco
444 3966 477 4016 ut
493 3962 522 4018 in
541 3960 767 4034 inscriptionibus
792 3975 934 4033 nunquam
951 3959 1107 4028 invenitur,
1136 3959 1177 4014 ita

67 4041 93 4095 in
112 4043 252 4100 amomon
271 4045 419 4102 mnodum
436 4045 538 4100 dubiae
553 4044 618 4101 fidei
635 4049 686 4116 est,
704 4062 728 4101 e.
742 4064 769 4118 g.
788 4045 817 4100 in
832 4045 958 4102 Mediceo
969 4042 1053 4114 Verg.
1067 4043 1181 4099 idcirco

68 4123 175 4196 legitur,
193 4145 250 4183 uon
268 4130 372 4186 iccirco
389 4129 479 4186 tribus
495 4129 558 4200 illis,
575 4129 676 4202 quibus
694 4130 770 4201 apud
778 4128 931 4201 Vergilium
943 4131 1047 4197 exeas
1064 4126 1140 4184 lou‘s.
