3034 4964
614 430 656 495 67

80 609 166 672 vatio
191 608 227 671 in
248 608 290 671 iis
312 609 456 672 maxime
476 607 646 674 vocabulis
663 601 794 696 'magno
818 610 913 675 nobis
941 612 1014 675 usui
1043 621 1108 696 est,
1140 613 1198 679 ubi

78 705 174 772 modo
208 707 319 794 tenuis
349 707 444 772 modo
475 709 622 794 aspirata
659 702 813 774 scribitur
856 717 888 772 et
920 731 1058 796 quorum
1086 720 1196 798 etyma

78 827 136 868 nec
158 827 201 868 ex
224 803 353 870 Graeca
382 828 442 870 nec
464 829 505 870 ex
534 805 607 871 aliis
637 805 756 892 linguis
785 808 893 873 adhuc
921 807 1085 875 intellecta
1111 819 1195 876 aunt.

78 903 151 968 Hoc
181 904 267 968 enim
294 905 322 968 si
350 905 422 991 quis
451 905 530 969 mihi
556 905 638 970 sorte
666 905 797 992 objiciet
823 907 1020 972 recentiores
1050 906 1196 974 Graecos

78 1004 211 1089 saepius
233 1025 294 1088 pro
313 1005 459 1090 aspirata
480 1013 608 1068 tenuem
630 1007 857 1090 pronuntiare,
879 1006 966 1092 quod
987 1005 1063 1072 licet
1083 1007 1195 1073 videre

77 1105 110 1166 in
139 1096 344 1182 στοκάζομαι
379 1126 439 1189 pro
467 1097 685 1183 στοχάζομαι,
723 1105 758 1169 in
786 1100 872 1168 πέλω
903 1128 965 1192 pro
989 1101 1084 1169 θέλω
1113 1107 1195 1184 aliis,

77 1201 197 1268 deinde
218 1191 452 1276 adsuefactam
474 1225 546 1267 ease
568 1225 611 1268 ex
632 1191 747 1279 αὖθις,
769 1203 910 1291 denique
928 1205 962 1267 in
977 1205 1195 1293 inscriptioni-

76 1298 139 1367 bus
164 1322 263 1386 saepe
284 1309 397 1366 tenues
428 1324 488 1387 pro
510 1302 665 1388 aspiratis
689 1301 804 1386 scribi,
837 1323 922 1388 quae
950 1305 1059 1369 omnia
1087 1303 1194 1370 adhuc

75 1423 141 1466 non
166 1399 435 1488 explicaturum,
456 1400 543 1466 infra
565 1401 736 1466 ostendam
757 1409 883 1468 tantum
902 1402 1035 1485 abesse,
1057 1413 1092 1467 ut
1112 1404 1194 1469 haec

76 1498 212 1584 regulae
226 1499 274 1564 illi
282 1508 484 1586 repugnent,
506 1510 542 1565 ut
558 1522 630 1564 cam
646 1501 707 1585 his,
726 1523 809 1588 quae
822 1500 982 1578 videntur,
997 1505 1195 1590 exceptioni-

75 1599 137 1664 bus
161 1600 259 1664 etiam
280 1598 465 1664 confirmari
486 1601 732 1686 perspiciamus.

141 1699 291 1764 Transeo
318 1699 418 1784 igitur
440 1722 527 1764 nunc
555 1698 598 1763 ad
625 1719 695 1764 rem
716 1700 946 1786 gravissimam
968 1700 1193 1786 profitendam,

78 1821 180 1890 quam
204 1799 315 1862 statim
335 1800 520 1864 accuratius
548 1797 773 1862 demonstrare
801 1797 880 1862 mihi
907 1801 1109 1884 propositum
1132 1812 1193 1865 est:

75 1901 116 1962 in
135 1897 278 1982 lingua
294 1896 459 1964 Graeca
472 1906 611 1962 tenues
628 1898 807 1984 cujusvis
824 1896 951 1979 sedis,
974 1898 1063 1961 sive
1077 1901 1194 1964 initio

73 1995 270 2064 vocabuli
299 1997 387 2062 sive
408 1995 629 2061 vocalibus
650 1997 740 2060 sive
761 1996 1091 2061 consonantibus
1113 2020 1193 2062 om-

70 2099 136 2162 nis
165 2096 331 2180 generis
360 2093 661 2176 circumdatas,
689 2095 771 2182 jam
802 2095 849 2160 ab
877 2094 1191 2182 antiquissimis

70 2194 322 2282 temporibus
362 2195 411 2259 ad
449 2195 758 2280 aspirationem
794 2217 1024 2282 propensas
1060 2193 1192 2261 fuisse

73 2316 248 2382 eamque
273 2295 393 2381 quasi
420 2294 608 2359 fluminis
637 2293 949 2358 inundationem
971 2293 1191 2380 paullatim

73 2405 112 2460 et
135 2393 265 2460 certis
286 2392 487 2479 gradibus
510 2401 761 2458 crescentem
781 2402 987 2478 postremo
1009 2415 1190 2478 magnam

73 2503 238 2580 partem
277 2492 446 2578 linguae
488 2491 675 2576 vulgaris
717 2500 904 2555 veterum
942 2491 1193 2558 Graecorum

73 2603 320 2680 occupasse,
349 2590 435 2656 unde
465 2601 604 2677 apparet
636 2592 734 2655 etiam
767 2589 856 2678 apud
879 2589 1025 2656 Graecos
1056 2593 1193 2657 eandem

73 2694 286 2758 mutationem
323 2693 468 2756 tenuium
508 2691 637 2755 initium
672 2690 813 2775 cepisse,
855 2711 953 2777 quam
997 2693 1031 2755 in
1071 2691 1193 2778 linguis

75 2791 283 2858 Germanicis
312 2790 507 2876 praesertim
536 2788 715 2876 perfectam
751 2787 999 2876 absolutamque
1033 2813 1105 2854 esse
1138 2815 1194 2856 no-

74 2903 143 2956 tum
169 2892 222 2954 sit:
263 2889 346 2955 Cum
365 2911 444 2954 vcro
463 2888 645 2954 litterarum
667 2887 884 2970 Graecarum,
906 2897 1081 2976 antequam
1103 2893 1195 2976 aspi·

75 2993 161 3055 ratio
192 2987 249 3053 illa
279 2988 425 3074 linguam
454 2987 623 3072 vulgarem
653 2987 838 3072 occupavit,
877 3009 998 3072 magna
1022 3011 1100 3073 pars
1123 2990 1195 3074 jam

75 3088 258 3169 exstiterit,
288 3110 353 3151 non
376 3088 496 3150 mirum
516 3095 581 3168 est,
614 3085 701 3172 quod
728 3085 762 3148 in
784 3085 865 3170 ipsis
896 3087 1111 3172 scriptoribus
1130 3110 1193 3172 pro

75 3187 205 3273 ingenti
225 3185 356 3270 linguae
378 3186 515 3250 materia
543 3205 650 3271 pauca
670 3192 795 3247 tantum
817 3185 958 3269 vestigia
978 3186 1194 3270 reperiuntur,

75 3309 164 3374 quae
185 3286 379 3372 aspirationi
400 3284 447 3348 illi
468 3283 600 3369 vrrlgari
621 3281 820 3348 vindicanda
842 3283 914 3348 sint.
944 3281 1194 3348 Verumtamen

75 3387 139 3452 hoc
160 3384 392 3449 demonstrabo
420 3383 496 3447 inde
522 3406 542 3447 a
564 3385 675 3470 quinto
704 3391 778 3446 ante
800 3381 876 3448 Ohr.
900 3405 932 3446 n.
954 3381 1101 3465 saeculo,
1133 3403 1195 3466 quo

76 3497 227 3571 tempore
258 3485 433 3569 scriptores
461 3490 493 3546 et
521 3491 637 3568 poetae
657 3481 759 3546 Attici
786 3479 990 3564 efflorescere
1019 3490 1196 3568 coeperunt

76 3596 110 3650 et
132 3585 291 3670 aspiratio
317 3580 487 3666 vulgarem
514 3579 660 3666 linguam
688 3578 874 3662 inundavit,
908 3601 1011 3668 usque
1040 3581 1085 3645 ad
1111 3580 1198 3645 hunc

78 3683 183 3764 diem,
212 3681 247 3746 id
275 3691 324 3746 est
353 3682 602 3767 perantiquam
624 3678 765 3742 mediam
791 3678 942 3764 ,infimam
964 3680 1196 3761 Graecitatem,

78 3783 275 3869 praesmtim
305 3782 340 3846 in
374 3780 421 3844 iis
457 3777 641 3860 vocabulis,
681 3799 818 3864 quorum
853 3779 1051 3864 etymologia
1087 3777 1196 3864 paullo

78 3881 250 3946 obscurior
270 3887 366 3961 esset,
387 3877 532 3963 linguam
547 3875 716 3962 vulgarem
730 3886 798 3940 tam
811 3876 950 3941 feliciter
964 3899 1036 3941 cum
1051 3879 1197 3942 oratione

79 3980 209 4048 urbana
240 3987 273 4044 ct
302 3977 447 4066 expolita
484 3977 672 4058 dimicasse,
712 3985 746 4040 nt
783 3997 1014 4063 nonnunquam
1048 3979 1197 4063 superior

79 4103 123 4145 ex
144 4101 257 4170 pugna
278 4076 467 4142 discederet
953 4175 987 4228 5*
