3056 4968
631 431 687 494 115

90 600 213 695 γήλια)
237 617 344 674 aetum
365 607 462 697 idque
484 608 526 674 ab
548 609 755 696 Hipponaote
771 609 820 688 (fr.
843 613 884 678 36
905 606 953 674 ed.
972 605 1097 692 Bergk)
1122 610 1210 690 Ταρ-

88 703 200 790 γήλια
229 709 337 774 soribi.
382 707 482 795 Apud
502 709 741 774 Anacreontem
763 708 812 784 (fr.
836 714 888 785 41)
918 717 949 772 et
971 705 1116 792 Theogn.
1139 729 1209 772 oan.

87 829 173 894 pag.
191 813 240 874 57.
258 810 473 898 2lreperitur
487 809 585 873 etiam
600 829 716 874 nomen
736 800 932 892 Tupyritrog,
957 829 1051 894 quem
1067 805 1208 872 Choero-

85 905 215 970 boseus
237 907 271 970 in
287 904 397 973 Oram.
420 905 533 974 anecd.
556 907 661 974 Oxon.
677 905 734 972 IV.
750 927 827 992 pag.
843 913 912 972 411.
931 912 967 973 13
990 905 1086 972 deum
1107 906 1209 971 fuisso

85 1005 192 1087 dicit,
227 1005 312 1070 unde
342 1005 438 1072 faoile
467 1008 582 1073 ooniioi
609 1013 718 1093 potest
744 1004 927 1092 Apollinem
956 1004 1209 1090 intellegendum

84 1127 181 1187 asse,
216 1126 311 1191 quem
343 1099 531 1192 Θαργήλιον
562 1109 762 1170 nominatum
795 1125 865 1168 esse
894 1105 975 1168 satis
1003 1113 1129 1170 constat
1158 1104 1209 1182 (ef.

84 1202 185 1268 Suid.
211 1225 235 1268 s.
257 1226 288 1270 v.
315 1198 483 1294 Θαργήλια
506 1214 538 1269 et
558 1202 694 1268 Prelleri
717 1202 849 1288 mythol.
863 1201 921 1268 Gr.
942 1202 968 1268 I.
992 1207 1080 1281 201.).
1125 1201 1207 1268 Cum

86 1295 285 1388 Ταργήλιος
312 1312 419 1368 autom
448 1303 673 1389 oouiungenda
700 1313 773 1367 sunt
801 1303 933 1368 nomina
959 1302 1095 1388 propris
1119 1302 1209 1384 Θαρ-

82 1393 206 1485 γηλία,
233 1395 419 1488 Θαργήλιος
440 1403 492 1478 (of.
514 1400 550 1468 O.
572 1401 598 1466 Ι.
621 1399 678 1467 Gr.
697 1407 787 1472 5879.
810 1408 829 1468 6
851 1410 884 1466 et
908 1407 957 1479 10)
979 1410 1011 1466 at
1037 1398 1209 1487 Θάργηλρς

82 1498 184 1586 apud
214 1499 361 1565 Nonnum
397 1507 443 1569 32.
474 1506 552 1580 2343
588 1501 778 1586 saepissime
810 1501 895 1563 enim
926 1498 1070 1564 homines
1101 1524 1122 1565 a
1148 1501 1208 1566 deo

81 1621 212 1664 nomen
234 1609 431 1687 aeceperunt
450 1600 500 1677 (ef.
523 1599 608 1684 Keil,
630 1623 716 1686 speo.
740 1609 879 1665 onomat.
903 1597 960 1664 Gr.
983 1622 1060 1686 pag.
1078 1605 1118 1666 22
1137 1606 1207 1688 sq.).

154 1695 284 1778 Quodsi
298 1699 456 1784 originem
471 1699 583 1766 horum
604 1701 769 1764 nominum
783 1698 942 1784 indagare
957 1697 1115 1782 volumus,
1133 1722 1205 1787 pro-

79 1795 302 1861 ficiscendum
324 1799 385 1862 erit
407 1821 426 1862 a
442 1799 543 1884 stirpe
556 1817 639 1879 sopy
659 1794 711 1862 vel
725 1817 816 1881 τραγ,
842 1799 893 1862 oui
905 1797 992 1862 haud
1008 1797 1105 1862 dubie
1121 1798 1208 1863 idem

81 1890 373 1982 suffixum-ditos
394 1900 531 1962 accessit
560 1895 645 1982 quod
667 1897 808 1962 cernitur
839 1899 872 1962 in
895 1889 1089 1982 γαμ-ήλιος
1110 1896 1207 1974 (unde

81 1987 302 2078 Γαμηλιών),
326 1985 542 2082 dnae-tuos,
571 1994 739 2061 similibus.
782 1997 852 2062 Iam
874 2017 952 2060 vero
976 2017 1048 2060 oum
1076 1996 1207 2080 Θαργη-

80 2086 175 2156 λιών
196 2094 224 2156 is
243 2095 363 2158 mensis
385 2096 436 2177 sit,
461 2087 578 2170 „i›'sa,“
600 2103 635 2158 ut
649 2093 766 2160 *serbis
786 2093 893 2180 Etym.
911 2116 951 2159 m.
974 2099 1044 2162 443.
1061 2100 1100 2160 2κ
1123 2105 1205 2180 utar,

77 2186 125 2276 „d
153 2186 250 2278 ἥλιος
270 2187 465 2278 πυρώδης
487 2187 556 2258 ἐστι
578 2189 634 2255 καὶ
655 2189 696 2256 τὰ
717 2196 774 2279 τῆς
795 2195 853 2280 γῆς
874 2184 963 2277 ἄνθη
986 2183 1205 2278 ἅνεξηραί·

79 2292 224 2366 νετο,“
246 2315 307 2380 quo
329 2288 369 2354 τὰ
393 2287 579 2378 θαργήλια,
605 2291 640 2358 id
663 2302 712 2356 est
732 2286 880 2369 „ndreae
902 2285 932 2354 oi
956 2282 1025 2356 ἀπὸ
1048 2294 1105 2376 γῆς
1126 2315 1206 2374 καρ-

78 2385 174 2454 ποί“
195 2390 247 2466 (of.
267 2390 323 2468 ib.)
347 2390 548 2457 demetuntur
571 2401 602 2456 at
623 2391 769 2480 Apollini
789 2391 966 2456 offeruntur
987 2392 1040 2468 (of.
1061 2391 1204 2479 Hesyoh.

78 2491 101 2556 l.
129 2489 188 2572 l.),
217 2489 313 2554 facile
339 2491 373 2554 in
395 2513 466 2555 eam
496 2491 714 2556 coniecturam
740 2490 924 2556 inducimur
955 2489 1040 2556 hauc
1061 2491 1206 2558 radicem

77 2608 172 2670 τραγ
199 2587 252 2652 vel
271 2609 353 2670 ταργ
381 2591 480 2654 etiam
507 2590 664 2675 originem
692 2612 763 2654 esse
788 2589 1020 2656 vocabulorum
1047 2585 1146 2676 apdyp
1176 2603 1207 2656 ot

76 2682 229 2770 τρύγειν,
246 2688 397 2751 nimirum
413 2686 500 2773 quod
515 2711 536 2750 α
550 2689 584 2752 in
597 2711 614 2750 v
627 2691 757 2757 transiit
769 2689 819 2763 (of.
830 2687 936 2754 Curtii
947 2688 985 2756 el.
999 2713 1031 2778 p.
1044 2695 1103 2756 644
1115 2697 1204 2778 sqq.).

151 2787 277 2851 Forma
297 2805 376 2870 aovy
403 2787 503 2870 enim,
533 2809 615 2874 quae
640 2797 808 2874 comparet
829 2789 864 2852 iu
883 2782 981 2874 τρύγη
1012 2799 1043 2856 et
1064 2783 1224 2872 rodmar,-

79 2884 223 2953 easdem
254 2885 507 2971 significationes
536 2885 649 2969 habet,
683 2909 767 2971 quae
794 2888 891 2952 etiam
926 2888 960 2952 in
990 2887 1157 2954 vocabulis
1186 2911 1206 2953 a

77 2987 198 3051 forma
218 3003 300 3065 τραγ
319 2983 372 3050 vel
389 3005 471 3067 ταργ
493 2983 683 3050 derivandis
704 2987 927 3071 reperiuntur:

152 3091 185 3162 a)
207 3077 304 3168 apdyp
322 3083 483 3168 signifieat
502 3083 642 3148 calorem
658 3091 690 3148 et
705 3086 885 3150 siceitatem
903 3084 991 3170 apud
1003 3085 1203 3154 Nicandrum

77 3184 130 3249 th.
158 3187 219 3249 367
246 3191 277 3247 et
297 3177 426 3266 τρύγειν
452 3193 593 3265 torrere,
626 3205 691 3270 qua
722 3205 795 3248 oum
826 3183 1062 3276 significatione
1084 3187 1205 3272 optime

77 3283 241 3368 congruit
262 3281 456 3350 adiectivum
480 3275 653 3367 θάργηλος
673 3309 716 3336 =
732 3277 861 3364 θερμός
881 3284 933 3358 (ef.
950 3283 1059 3369 Etym.
1075 3308 1115 3348 m.
1134 3284 1153 3350 l.
1173 3285 1205 3362 l.)

78 3393 115 3447 et
133 3403 253 3445 nomen
274 3375 481 3468 Θαργηλιών,
507 3382 561 3468 qui
582 3381 643 3446 fuit
658 3383 778 3446 mensis
794 3381 1031 3448 fervidissimus
1047 3393 1078 3448 et
1095 3407 1205 3448 omnes

76 3483 201 3566 fruges
220 3483 266 3544 ita
285 3482 386 3562 coxit,
415 3489 450 3544 ut
472 3479 590 3546 demeti
613 3489 644 3546 et
665 3483 790 3568 percipi
812 3491 953 3568 possent.

149 3579 186 3658 b)
218 3573 321 3665 τρύγη
352 3579 514 3665 signifieat
541 3579 651 3664 fruges
681 3581 771 3666 ipsas
794 3579 870 3646 solis
893 3580 1000 3646 calore
1028 3584 1075 3647 ita
1096 3591 1204 3646 coctas

78 3691 115 3746 et
140 3679 280 3744 siccatas
302 3677 354 3754 (of.
377 3677 460 3742 Plin.
482 3677 511 3744 h.
534 3687 599 3742 nat.
616 3685 660 3746 15.
677 3685 722 3760 11,
746 3678 909 3766 Theophr.
934 3703 1036 3746 eauss.
1060 3681 1103 3768 pl.
1127 3687 1155 3748 2.
1173 3685 1204 3760 8)

77 3791 119 3844 ut
145 3777 265 3842 domati
286 3787 318 3842 et
340 3778 469 3864 pereipi'
487 3778 622 3862 possint.
665 3775 813 3844 Eandem
834 3801 912 3844 voro
935 3780 1203 3866 significationem

79 3877 212 3944 habent
233 3871 405 3962 θαργήλια
434 3875 611 3940 seeundum
629 3875 739 3963 Etym.
762 3900 803 3942 m.
822 3877 841 3942 l.
863 3877 884 3944 l.
905 3887 937 3944 et
957 3878 1100 3965 Hesyoh.
1124 3903 1149 3945 s.
1172 3901 1204 3944 v.

79 3969 267 4062 θαργήλια.

148 4081 178 4152 o)
199 4069 297 4159 τρύγη
320 4073 482 4159 signifieat
496 4095 643 4157 messem,
668 4097 750 4162 quae
767 4037 834 4142 tum
857 4076 986 4142 demum
1000 4077 1071 4142 fieri
1088 4086 1202 4162 potest,

956 4175 991 4228 8*
