3148 4958
497 475 695 566 rv

720 559 782 568 -vu

206 644 362 738 Ἀγιάδαι
384 657 485 743 igitur
507 666 539 723 et
561 651 748 736 Βακχιάδαι
770 657 953 724 sthcmatis
976 649 1083 743 Ἀγια
1105 663 1136 725 et
1157 659 1244 726 Βακ-

122 777 192 840 χια,
214 779 280 820 non
299 779 341 821 ax
361 749 446 840 Ἀγι
467 765 499 822 st
520 759 626 835 Βακχι
649 757 797 823 ducenda
813 768 896 823 sunt.
940 757 1178 844 Nonnunquam
1198 769 1243 823 ta·

124 879 199 920 men
229 857 327 920 etiam
355 857 388 920 in
415 859 651 943 patronymicis
681 879 717 920 ια
747 857 875 944 syllaba
900 859 934 922 iu
964 867 1166 923 scontraota
1187 867 1244 922 est.

123 954 262 1040 Legitur
291 957 377 1020 enim
397 946 543 1038 Ἀγίδαι
565 955 660 1021 Paus.
683 962 717 1039 3,
740 963 774 1039 2,
800 965 813 1024 1
849 967 881 1022 ct
906 950 1074 1036 Βακχίδαι
1094 958 1191 1022 Paua.
1215 961 1244 1038 2,

127 1061 160 1137 t,
186 1063 213 1120 1.
246 1054 346 1120 Dios.
369 1061 403 1138 7,
427 1062 454 1120 7.
497 1054 604 1142 Atque
632 1055 769 1120 eandam
801 1058 1053 1122 contractionem
1080 1056 1182 1121 habes
1210 1057 1244 1120 in

126 1153 373 1239 andronymiois
402 1164 437 1218 ut
463 1145 666 1240 ’Λγησίδης,
689 1145 873 1240 Ἐρυξίδης,
898 1149 1055 1240 Ζιαξίδης
1083 1155 1145 1240 all,
1168 1179 1243 1244 quo·

124 1275 198 1318 rum
221 1253 391 1340 primitiva
411 1245 589 1338 Ἀγησίας,
612 1245 773 1337 ‘namtas
799 1247 939 1334 Ζεαξίας
961 1264 1044 1320 sunt.
1068 1288 1105 1302 -*
1127 1253 1244 1320 Utrum

124 1352 242 1418 eodem
271 1352 367 1418 modo
397 1345 595 1428 Ἠλιιὶ-δαι,
630 1354 716 1442 quod
746 1376 864 1420 noman
891 1353 1071 1420 Elisnsium
1095 1354 1140 1420 st.
1163 1354 1243 1442 Bya.

122 1452 253 1542 laudat,
283 1451 325 1516 ab
345 1443 446 1516 Ἠλια
470 1491 511 1501 -
529 1445 655 1531 Ἠλι(δ)
684 1453 897 1518 derivandum
920 1455 974 1536 sit,
993 1477 1045 1518 an
1072 1456 1180 1542 potius
1203 1479 1245 1520 ox

123 1568 240 1618 eorum
270 1554 570 1638 patronymicorum
597 1549 765 1660 analogia,
793 1575 876 1640 quaa
905 1575 938 1614 ια
969 1553 1078 1618 suffixi
1106 1577 1170 1642 opev
1190 1561 1200 1630 (
1221 1555 1243 1621 f.

122 1656 152 1732 ξ.
166 1658 207 1718 25
222 1659 300 1738 seq.)
323 1649 513 1737 formantur,
536 1651 767 1740 explicandum
784 1653 833 1728 sit,
856 1651 1037 1738 dijudicare
1052 1676 1116 1719 non
1131 1655 1244 1719 ausim.

208 1755 238 1833 ξ.
265 1757 313 1817 17.
359 1751 432 1816 Hoc
442 1775 541 1818 unum
551 1753 810 1840 patronymicum
821 1751 941 1834 inveni,
960 1753 1127 1832 Othryades
1145 1753 1242 1840 Verg.

121 1851 204 1916 Aen.
238 1857 267 1934 2,
291 1855 368 1934 319,
391 1856 468 1934 336,
501 1852 588 1940 quod
616 1875 658 1916 ex
682 1844 788 1932 Ὀδρα
817 1850 960 1914 themate
986 1851 1021 1914 in
1050 1875 1069 1914 v
1102 1851 1243 1918 derivari

122 1950 214 2016 solet.
261 1949 419 2016 seucum
443 1953 478 2016 in
499 1973 537 2016 so
559 1973 581 2014 α
603 1951 789 2037 copulativa
809 1949 932 2016 vocalis
954 1949 1151 2016 nullomodo
1174 1975 1244 2016 csse

121 2052 245 2136 possit,
272 2053 379 2137 potius
397 2042 529 2130 Ὀδραα
557 2051 699 2117 themata
727 2051 777 2127 (cf.
800 2043 948 2132 'captor
975 2049 1243 2136 andronymicum

122 2149 272 2236 Theogn.
306 2173 375 2216 can.
399 2173 430 2238 p.
454 2155 512 2228 42,
536 2153 587 2226 28)
610 2149 814 2214 statuendum
832 2171 912 2213 ‚ossa
934 2171 1066 2232 conseo,
1096 2150 1183 2236 quod
1203 2173 1244 2214 cx

115 2240 265 2332 Ὄθρυς,
301 2249 387 2334 quod
420 2248 616 2314 vocabulum
650 2248 779 2314 Curtius
813 2247 970 2326 (Grundz.
1003 2247 1032 2313 d.
1061 2271 1109 2334 gr.
1132 2249 1184 2315 Et.
1212 2273 1242 2316 n.

123 2353 197 2425 405)
219 2371 293 2413 cum
320 2340 424 2433 ὀφρύς
452 2349 673 2435 comparavit,
703 2348 800 2412 simili
829 2346 924 2412 modo
956 2347 1077 2412 factum
1106 2358 1154 2412 est
1181 2372 1243 2434 quo

123 2441 296 2527 Βαιρύ-ας
312 2471 354 2512 ex
374 2443 520 2530 βότρι-ς,
543 2439 682 2524 Ἰχθύας
704 2469 745 2512 ex
762 2439 887 2525 ἰχθύ-ς,
912 2441 1124 2523 Boot-ages<
1136 2443 1240 2530 βαθύ,

122 2541 280 2622 Πολύ-ας
298 2571 340 2612 ex
361 2542 457 2614 πολύ.
503 2547 678 2611 Praeterea
700 2547 848 2611 conferas
870 2537 1059 2630 Εὔριά-δης
1081 2547 1242 2634 andr'ony·

122 2647 244 2711 micum
268 2653 299 2725 (x
320 2635 402 2730 267),
424 2647 464 2712 de
486 2670 549 2734 quo
573 2647 608 2711 Ε.
632 2647 681 2711 M.
704 2645 767 2710 hoc
788 2645 937 2733 praebet:
981 2644 1099 2727 ,moaci
1129 2643 1167 2710 τὸ
1189 2640 1243 2710 εδ-

121 2742 179 2825 ρδς
201 2747 447 2830 πατρωνυμικῷ
468 2743 562 2830 τύπῳ
585 2736 788 2829 Εὐρυάδης.“

207 2848 236 2927 5.
264 2849 310 2912 18.
353 2846 406 2911 Da
438 2847 685 2911 formatione
721 2846 1119 2931 patronymicorum,
1151 2867 1242 2932 quo-

122 2967 211 3009 rum
248 2946 469 3030 primitiva
502 2947 543 3008 iu
581 2955 879 3009 consonantem
913 2944 1091 3030 aliquam
1127 2944 1241 3008 dosi-

120 3053 233 3121 nant,
255 3045 289 3107 in
306 3043 358 3109 Et.
382 3045 425 3110 M.
440 3065 463 3110 s.
485 3037 789 3127 Λαομεδοντιάδης
809 3053 897 3108 racto
919 3046 1158 3130 praescriptam
1179 3055 1241 3111 est:

121 3146 247 3221 ,,πᾶσα
276 3141 385 3230 γενικὴ
414 3136 462 3219 εὶς
486 3135 545 3218 ‘og'
571 3139 629 3204 διὰ
650 3144 714 3206 sori
735 3134 831 3226 ‘triqg'
855 3144 950 3204 ποιεῖ
969 3138 1006 3204 ιδ
1031 3159 1243 3223 πατρωνυμι-

119 3241 217 3312 κόν.“
261 3245 430 3312 Invenitur
457 3245 557 3330 igitur
584 3243 684 3308 ineis
707 3265 721 3305 ι
744 3233 874 3307 vocalis'
896 3250 971 3306 anto
1002 3237 1044 3303 δα
1074 3241 1242 3321 suffixum

121 3366 208 3430 quae
240 3365 426 3431 quanquam
458 3344 635 3430 parasitico
662 3341 757 3406 modo
787 3342 862 3428 cxj
892 3340 1012 3426 prodiit
1039 3338 1244 3429 (Halon-jug

121 3439 344 3530 Hslumjag),
375 3453 484 3508 tamen
514 3444 583 3528 jure
604 3442 745 3528 quodam
772 3440 896 3506 vocalis
921 3440 1107 3527 copulativa
1128 3439 1243 3504 haberi

120 3551 238 3628 potest.

206 3642 319 3708 Pauca
341 3651 471 3707 exstant
491 3640 734 3726 patronymica,
763 3663 846 3728 quae
876 3661 894 3703 o
921 3638 1072 3704 thematis
1101 3640 1135 3701 in
1159 3645 1241 3722 gut·

120 3740 297 3806 turalam
320 3741 462 3830 aliquam
483 3739 632 3804 derivata
654 3749 741 3804 sunt:
1292 3813 1300 3826 ,

204 3832 445 3925 Ὗλακ-ίδης
479 3837 575 3904 Hom.
605 3836 717 3914 ξ204.
760 3837 906 3903 Dubium
939 3847 996 3918 est,
1031 3845 1137 3900 utrum
1169 3857 1243 3902 cum

121 3940 354 4008 Choerobosco
387 3945 523 4021 305,19
554 3933 674 4020 Ὕλαξ,
707 3961 749 4002 an
777 3961 851 4004 cum
873 3935 970 4002 schol.
1000 3935 1043 3999 ad
1069 3933 1101 3998 Ω
1128 3942 1188 4003 566
1211 3945 1243 3999 at

122 4039 350 4132 Eustathiop.
377 4039 465 4119 1758,
488 4042 527 4103 25
550 4031 694 4111 ’Ὑλακας
722 4039 921 4124 primitivum
946 4033 1169 4119 accipiendum
1193 4035 1242 4096 sit.

122 4138 192 4204 Seu
226 4161 297 4204 cum
327 4141 424 4204 ctiam
455 4136 672 4223 appellativa,
708 4147 844 4222 quorum
872 4136 1014 4199 themata
1045 4153 1086 4193 ακ
1117 4131 1243 4218 syllaba

1015 4236 1031 4286 2
