3008 4968
576 453 637 514 227

116 625 152 692 In
173 633 199 699 1.
223 625 344 692 thesi:
365 626 464 694 Arch.
487 629 526 696 el.
549 635 586 713 9,
613 638 625 698 1
651 629 763 719 κήδεα.
807 631 888 698 Ocll.
911 639 930 698 4
958 624 1103 717 Τρὴρεας
1119 634 1166 710 ¹⁴).

60 723 119 789 Sol.
145 730 188 808 13,
203 730 243 794 74
265 734 297 790 et
318 725 464 814 Theogn.
488 737 528 797 50
544 724 674 812 κέρδεα.
715 736 777 799 970
796 724 894 818 ἤθεα.
907 769 948 780 —-
964 737 1021 800 881
1044 723 1165 812 cicccc.

114 825 151 888 ln
171 829 199 890 2.
223 823 340 889 thesi:
363 825 509 912 Theogn.
532 834 591 896 713
613 823 750 915 ψεύδεα.

114 939 150 1004 In
169 945 199 1004 4.
222 937 345 1004 thesi:
374 939 457 1006 Xen.
481 947 515 1021 3,
544 946 562 1010 3
594 939 829 1029 παναλουργέα
860 951 988 1023 (neutr.)
1022 943 1165 1029 Theogn.

60 1041 112 1106 835
133 1032 264 1120 κέρδεα.
285 1075 327 1086 -
351 1045 408 1134 133
431 1036 574 1124 κέρόεος.
618 1047 675 1110 811
700 1035 842 1118 ἀεικέας.

111 1171 149 1236 In
169 1179 198 1238 5.
221 1169 343 1236 thesi:
365 1169 459 1260 Tyrt.
479 1181 525 1256 11,
540 1180 579 1241 29
602 1169 690 1257 ἔγχεϊ
707 1178 835 1258 μακρῷ.
858 1173 1002 1260 Theogn.
1020 1181 1167 1256 7τραχα·

59 1262 135 1332 είδεΐ
154 1263 265 1354 λίμνῃ.
289 1275 361 1338 1751
382 1265 576 1358 βαθυκήτεα
599 1269 729 1339 πόντον.
763 1279 826 1340 199-
841 1269 1038 1359 φιλοκέρδεϊ
1058 1275 1167 1356 θυμῷ.

61 1375 131 1436 1125
154 1362 249 1456 νήλεϊ
275 1371 383 1452 θυμῷ.
433 1377 527 1438 1209:
557 1369 657 1436 πόλιν
684 1364 717 1435 δ’
741 1365 885 1449 εὐτείχεα
919 1365 1042 1457 Θήβην.
1091 1377 1167 1438 1277

58 1473 139 1555 (παρ.)
160 1463 371 1552 περικαλλέα
393 1471 498 1555 νῆσον.
546 1475 639 1539 11891
663 1462 767 1554 ἄλγεα
785 1465 928 1552 πέμποι.

112 1600 242 1666 Deinde
264 1613 519 1668 commemoratu
539 1603 675 1690 dignum
698 1613 748 1670 est
762 1604 845 1670 Xen.
861 1605 919 1686 111,
937 1610 955 1672 3
977 1603 1168 1688 παναλουρ-

59 1694 109 1780 γέα
134 1691 230 1786 φάρε’
266 1692 400 1778 &iconas
430 1711 463 1766 et
484 1702 630 1788 Theogu.
664 1710 724 1772 222
757 1695 841 1788 δήκέ
877 1697 959 1782 ἕλξειν
989 1715 1166 1792 proptera

59 1798 172 1866 elisum.
219 1797 313 1878 Quae
339 1800 463 1866 formae
494 1801 566 1866 luce
597 1801 718 1868 clarius
748 1801 896 1866 indicant
927 1803 1015 1888 apud
1052 1812 1166 1890 poetas

58 1896 174 1964 Ionicos
197 1907 230 1964 et
252 1897 477 1986 Theognidem
498 1900 600 1966 sclam
622 1900 813 1967 solutionem
834 1903 868 1966 in
890 1924 951 1966 usu
972 1901 1081 1966 fuisse.

110 2030 263 2118 Denique
284 2030 429 2095 ciusdem
451 2033 499 2095 rei
519 2033 703 2097 testimonio
732 2044 806 2097 sunt
834 2035 978 2098 maxime
999 2033 1078 2116 loci,
1109 2033 1166 2098 ubi

57 2127 151 2193 forma
174 2151 241 2195 non
263 2139 430 2194 contracte
451 2151 510 2217 per
532 2131 696 2217 synizesin
718 2131 959 2218 pronuntianda
979 2141 1041 2197 est:

109 2251 209 2318 Arch.
228 2251 267 2316 el.
286 2255 334 2336 12,
353 2260 384 2318 1:
405 2230 515 2334 μέλεα
526 2252 562 2338 Ι).
590 2253 702 2321 Mimn.
726 2263 752 2336 1,
768 2261 800 2320 4ε
818 2232 932 2318 ἄνθεα
947 2257 952 2334 Ι
971 2245 1165 2337 γίγνεται-11.

58 2359 119 2438 Sol„
140 2367 166 2444 t,
190 2365 210 2426 2
233 2337 350 2427 ἒπῖὧν.
396 2359 543 2446 Theogn.
571 2368 611 2429 46
633 2339 778 2443 κερόέῗαν
804 2361 862 2445 (Α,
884 2356 1028 2444 κέρδεων
1046 2361 1094 2444 Κ,
1117 2383 1166 2426 ce·

59 2467 111 2530 teri
133 2463 284 2549 κερδῶν).
313 2473 371 2535 951
395 2445 537 2546 ταχεῖαν.
583 2473 662 2535 1164
689 2447 843 2555 cenisium
863 2465 906 2544 (A
935 2466 1038 2548 stou,
1068 2470 1167 2533 ceteri
1233 2457 1239 2471 ’

59 2577 207 2660 στηθῶν).
251 2579 311 2643 963
333 2566 438 2656 ἄνδρα
459 2549 635 2660 carpensem
657 2573 781 2650 (Floril.
803 2575 940 2653 Monac,
961 2575 1036 2639 libri
1057 2595 1167 2662 σαφη-

59 2675 122 2749 νῶς,
147 2673 242 2740 Stob.
263 2665 385 2756 ἀνδρὸς
407 2663 565 2760 ἅφανέως
585 2673 622 2754 [Β
645 2665 750 2756 ἄνδρα
771 2669 958 2760 σαφανὲως,
983 2673 1092 2740 Trinc.
1109 2667 1167 2736 ὂλν-

59 2768 129 2854 δρας
147 2765 341 2862 ἆφανέως]).

111 2873 167 2938 Ex
196 2871 350 2960 elegiacis
380 2871 486 2959 poetis
518 2872 771 2938 contractionem
801 2871 1002 2938 admiserunt
1030 2859 1168 2938 tantum·

59 2971 144 3038 modo
167 2972 245 3047 fere,
267 2971 323 3058 qui
345 2970 429 3038 alius
450 2980 547 3058 atque
568 2970 698 3034 lonicae
719 2971 826 3054 gentis
849 2981 936 3034 sunt:

110 3071 183 3138 Non
205 3068 360 3135 abhorret
381 3068 424 3136 ab
453 3071 548 3156 spica
576 3067 714 3134 dialecto
739 3070 868 3133 dativus
893 3067 1067 3154 singularis
1089 3091 1165 3134 con·

59 3175 172 3235 tractus
196 3167 342 3254 Theogn.
384 3175 461 3236 1134
483 3164 630 3253 ζητῶμεν
653 3159 687 3230 (i'
705 3161 807 3230 ἕλκει
826 3167 830 3252 Ι
850 3161 1012 3253 φάρμακα
1034 3168 1067 3230 in
1090 3171 1167 3233 arsi.

59 3265 160 3332 Etiam
181 3266 310 3356 syllaba
331 3289 361 3330 ει
383 3269 417 3332 in
439 3267 547 3355 prima
568 3266 652 3330 thesi
671 3289 736 3331 non
757 3263 905 3331 diducta:
928 3265 1074 3350 Theogn.
1090 3271 1166 3332 699:

59 3362 189 3454 πλήθει,
213 3369 249 3431 in
270 3366 467 3430 carminibus
486 3366 670 3432 Homericis
692 3365 811 3452 legitur
834 3367 881 3448 ¹⁵),
902 3364 958 3430 ubi
980 3373 1077 3452 poeta
1098 3387 1167 3428 ver·

61 3468 103 3530 sui
129 3467 325 3556 gravitatem
355 3464 519 3553 quandam
546 3464 690 3530 tribuere
711 3463 791 3531 vult.
834 3463 988 3530 Ueterum
1017 3463 1166 3529 conferas

59 3564 152 3630 verba
171 3567 205 3631 in
227 3585 282 3630 εω.

115 3664 212 3730 Haud
240 3685 348 3750 pauca
378 3673 487 3730 temen
520 3685 603 3749 qnae
632 3663 666 3728 in
694 3662 788 3728 libris
817 3651 1012 3728 exhibentur
1034 3661 1076 3726 cb
1098 3659 1165 3725 Ho-

60 3765 134 3827 meri
155 3763 385 3831 consuetudine
405 3762 512 3828 aliene
533 3771 615 3828 sunt.

123 4030 162 4094 14)
179 4027 239 4083 Nisi
255 4026 327 4082 forte
345 4027 466 4098 pertinet
490 4026 526 4081 ad
549 4026 662 4080 alterius
686 4025 852 4097 pentametri
873 4023 1028 4081 hemistichi
1049 4021 1165 4079 initium.

123 4115 162 4180 15)
178 4112 298 4180 Bekker‚
315 4111 426 4168 Homer.
443 4111 561 4180 Blttter,
578 4109 629 4180 IX,
646 4128 674 4181 p.
696 4115 743 4166 138
760 4127 820 4180 sqq.
906 4195 954 4247 ¹5*
