3148 4958
668 425 709 488 37

588 510 637 516 ——
652 512 700 516 .—..
713 511 795 518 --——-

135 611 191 668 est.
235 601 287 668 Ac
308 601 450 692 primum
475 601 606 690 quidem
627 603 661 668 in
682 604 775 690 poesi
796 603 959 690 dactylica
986 602 1179 691 tribrachyn
1200 608 1249 672 fu·

127 701 237 788 gicndi
260 723 360 766 causa
375 700 456 766 haec
479 704 620 767 formata
643 712 731 768 sunt:
753 694 1068 781 'Epcxdcvi-dcc
1090 726 1138 790 ep.
1161 706 1194 769 in
1213 706 1249 772 C.

126 802 148 866 I.
163 825 195 866 n.
212 807 284 883 411,
309 800 406 890 Anth.
426 823 501 888 app.
519 808 567 884 51,
587 810 638 883 40,
660 801 747 888 quod
762 800 965 866 Lobeckium
985 801 1074 888 path.
1096 803 1120 868 Ι.
1142 827 1172 890 p.
1188 809 1247 872 224

127 899 167 966 ab
188 891 348 982 Ἕρίχθων
377 901 563 987 primitivo,
592 923 657 966 non
679 900 721 966 ab
740 892 949 984 Ἐριχθόνιος
978 900 1111 966 duxisse
1132 904 1247 978 miror3

125 1022 185 1064 nec
208 1000 295 1064 enim
325 996 464 1085 usquam
490 993 650 1082 Ἐρίχδανν
682 1001 900 1066 nominativus
932 999 1067 1086 legitur3
1102 1003 1134 1063 Κ
1141 995 1247 1065 λυαί-

126 1096 196 1182 δης
227 1101 268 1160 Λ
289 1104 366 1180 302,
390 1119 408 1159 o
431 1105 500 1182 540,
532 1099 619 1185 quod
645 1098 831 1166 Lobeckius
859 1098 981 1186 proleg.
1005 1123 1035 1186 p.
1061 1105 1120 1170 ι180
1140 1101 1245 1190 Hesy-

125 1198 232 1264 chium
257 1206 384 1262 secutus
407 1219 427 1262 a
453 1191 594 1273 Κλύτος
615 1199 781 1285 primitivo
803 1198 974 1280 derivavit,
996 1197 1053 1264 sed
1075 1222 1117 1264 ex
1139 1221 1166 1262 π
1180 1207 1241 1270 327

123 1319 287 1385 apparere
309 1295 388 1360 mihi
410 1296 549 1379 videtur,
571 1297 743 1362 Eustathio
766 1321 799 1384 p.
824 1303 912 1380 1790,
937 1304 975 1366 53
999 1299 1242 1366 assentiendum

122 1419 207 1462 csse:
231 1388 370 1479 „miton
392 1390 428 1458 δὲ
451 1390 503 1459 ὅτι
524 1393 584 1460 τὸν
605 1392 750 1480 ῥηδὲνια
770 1399 926 1480 Πείραιον
945 1391 1017 1462 υἱὸν
1039 1387 1116 1460 ίίνια
1137 1395 1240 1462 Κλυ-

123 1489 216 1558 τίου
241 1487 408 1580 Κλυτίδην
430 1489 519 1578 λέγει
540 1493 624 1559 κατὰ
646 1496 845 1580 σνγκαιιήν,“

182 1593 316 1659 Deinde
331 1595 369 1659 ¹iu
390 1593 531 1660 iambico
553 1595 662 1682 poesis
685 1619 804 1682 genere
825 1597 889 1662 hoo
910 1619 1009 1660 unum
1029 1603 1154 1660 tantum
1176 1597 1245 1684 cjus

123 1695 353 1760 contractionis
376 1693 560 1781 exemplum
583 1703 702 1760 exstat:
725 1687 1026 1780 Ἀσκληιιι-δῶν
1049 1694 1148 1782 Soph.
1170 1695 1245 1760 Phi—

121 1792 194 1858 loct.
230 1798 320 1862 1333.
341 1829 383 1840 -
404 1792 486 1860 Cum
512 1794 562 1858 his
591 1793 702 1860 formis
734 1796 871 1860 concisis
897 1794 1031 1881 gentilia
1052 1801 1088 1858 ut
1108 1785 1244 1876 Ἀγίδαι,

120 1890 283 1970 Βακχίδαι
305 1901 337 1958 et
357 1891 595 1979 andronymica
611 1903 647 1958 ut
658 1885 846 1974 Ἐρνξίδας,
864 1886 1053 1977 Λεοντίδης
1075 1893 1244 1976 (01816),

121 2014 259 2079 quorum
280 1993 448 2079 primitiva
469 1983 606 2075 Ἀμία-ς,
644 1994 817 2072 Βακχία-ς,
849 1985 1027 2074 ’,Εροξία-ς,
1059 1986 1242 2068 Animo-g

122 2101 210 2174 sunt,
243 2091 427 2178 comparari
460 2101 610 2178 possunt,
642 2114 828 2180 quanquam
849 2115 913 2158 non
942 2083 1060 2180 liquet,
1091 2101 1199 2156 utrum
1221 2115 1241 2156 a

120 2191 298 2278 primitivis
314 2191 386 2277 jam
415 2191 552 2256 concisis
574 2202 611 2256 ut
629 2181 738 2274 'Art-g
764 2201 824 2256 etc.
855 2191 1002 2278 derivata
1025 2192 1105 2273 sint,
1135 2213 1177 2256 an
1204 2193 1237 2255 in

117 2291 199 2378 ipsis
223 2288 353 2355 demum
377 2310 412 2351 ια
433 2290 468 2354 in
491 2312 504 2352 ι
526 2300 728 2356 contractum
751 2292 801 2356 sit.

180 2389 333 2477 Denique
355 2388 418 2454 hoc
438 2388 508 2456 loeo
525 2390 634 2456 afferri
648 2398 757 2478 potest
776 2385 989 2475 Τυνδαρίδης,
1011 2391 1045 2454 in
1068 2413 1141 2480 quo,
1165 2412 1236 2456 cum

124 2483 329 2572 Τννδοίρεο-ς
358 2490 559 2576 primitivum
587 2491 645 2574 sit,
675 2511 691 2552 ε
722 2499 796 2556 ante
827 2513 839 2553 ι
869 2501 899 2556 et
929 2490 1017 2578 apud
1049 2491 1159 2577 epicos
1186 2489 1238 2565 (cf.

117 2587 146 2654 h.
177 2589 263 2654 hom.
291 2595 342 2671 17,
371 2594 405 2672 2,
429 2596 464 2672 53
495 2594 551 2672 33,
573 2595 610 2672 2,
636 2593 684 2666 18)
713 2598 744 2654 et
773 2589 862 2675 apud
884 2589 1006 2677 lyricos
1029 2590 1082 2669 (cf.
1098 2589 1192 2656 Pind.
1213 2592 1235 2668 1)

116 2687 208 2756 Nem.
231 2695 280 2770 10,
292 2691 343 2768 38)
364 2696 396 2754 et
417 2681 505 2776 a'pud
527 2677 670 2776 tragicos
692 2687 743 2766 (of.
766 2688 845 2754 Eur.
863 2689 914 2754 El.
933 2695 1024 2768 1205)
1047 2696 1233 2754 constanter

118 2786 234 2852 elisum
258 2795 317 2852 est.

179 2890 210 2969 §-
233 2891 284 2956 38.
311 2885 388 2952 Jam
409 2895 520 2970 restat,
543 2894 580 2952 ut
601 2885 642 2952 de
663 2887 705 2952 iis
726 2887 961 2974 patronymicis
984 2909 1134 2974 agamus,
1154 2909 1236 2976 quae

117 2985 309 3050 ethematis
331 3008 351 3050 a
373 2987 548 3073 primitivis
571 2985 809 3074 quodammodo
836 2985 1060 3052 recedentibus
1089 2987 1237 3052 derivata

115 3094 198 3150 sunt
242 3084 351 3173 Atque
380 3083 421 3150 de
449 3075 621 3170 Ἀλκείδης
653 3085 784 3173 quidem
817 3096 848 3150 et
879 3090 1006 3151 Aonides
1032 3087 1103 3174 jam
1137 3109 1237 3174 supra

115 3188 155 3266 (ξ.
179 3189 232 3262 32)
255 3183 478 3274 disseruimus,
499 3207 586 3249 nunc
607 3183 648 3250 de
670 3179 911 3270 Λαμπετίδης,
945 3185 1031 3273 quod
1051 3181 1112 3250 τὸν
1132 3178 1237 3265 Λαίμ-

116 3304 183 3345 nov
203 3275 281 3346 νίιίν
303 3281 476 3370 significat,
500 3284 603 3350 verba
624 3284 791 3350 faciemus.
834 3284 970 3371 Legitur
997 3285 1024 3348 O
1046 3290 1120 3353 525:

180 3451 204 3516 1)
224 3447 258 3501 In
275 3445 440 3504 formatione
457 3465 551 3504 eorum
568 3449 837 3520 patronymicorum,
861 3453 1006 3522 quaejam
1023 3452 1052 3505 in
1070 3451 1154 3521 epicis
1172 3465 1230 3504 ear-

114 3531 234 3586 minibns
259 3531 423 3603 exstabant,
448 3532 618 3587 Pindarus
641 3534 677 3588 ab
703 3534 735 3588 iis
760 3551 817 3589 non
835 3535 962 3605 recessit,
987 3535 1228 3608 reapparent-

114 3613 204 3682 ιδδας,
221 3614 456 3690 Τελαμωνιάδας,
478 3617 643 3688 Φῑλαρίδας,
670 3620 870 3688 Ταλαϊονίδας,
890 3637 946 3674 non
963 3618 1132 3690 indagini,
1157 3617 1233 3687 apud

112 3716 180 3771 quos
202 3699 346 3770 leguntur:
383 3701 542 3770 Φερητίδης
566 3700 649 3773 Soph.
673 3700 727 3774 frg.
747 3705 805 3771 345,
825 3703 1056 3758 Χαλκωδοντίδαι
1081 3701 1147 3758 Eur.
1166 3701 1230 3758 don.

111 3787 151 3852 50,
169 3784 340 3856 Πρίαμίδαι,
360 3783 530 3840 Πελοπίδαι.
566 3784 595 3840 Si
613 3801 677 3840 vero
694 3787 833 3856 epicorum
853 3787 979 3858 exempla
995 3803 1053 3842 non
1073 3785 1229 3854 exstabant,

111 3867 303 3938 patronymica
326 3867 355 3922 in
379 3868 511 3923 creticum
535 3869 579 3923 vel
602 3885 736 3940 paeonem
761 3875 890 3940 quartum
907 3871 1044 3926 Pindarus
1069 3887 1125 3924 non
1144 3869 1229 3944 fugit:

114 3950 308 4022 Τιμοδημίδαι
328 3951 407 4008 Nem.
426 3955 450 4021 2,
471 3955 512 4021 27,
531 3953 716 4024 Ἀφαρητίδαι
742 3953 820 4010 Nem.
841 3957 881 4024 10,
903 3959 964 4024 122,
981 3955 1169 4025 Ἀδραστιδᾶν
1186 3954 1229 4012 Ol.

111 4037 134 4103 2,
147 4037 180 4089 80
200 4039 268 4104 cte,
287 4033 438 4107 Ἐρατιδᾶν
455 4033 499 4092 01.
519 4042 542 4106 7,
562 4037 806 4107 172ςᾺλεξῒβῖιίδα
825 4039 908 4109 Pyth.
929 4045 953 4108 5,
971 4044 1012 4108 60,
1030 4040 1105 4110 quod
1124 4045 1166 4095 est
1182 4057 1230 4094 an-

109 4116 308 4187 dronymicum.
857 4131 860 4138 ’
