3088 4966
857 373 917 434 216

782 453 989 466 *b*—

328 549 565 638 antiquioribus
587 544 676 628 ναός,
702 555 789 618 ναῶν
810 555 838 618 si
858 549 947 618 haud
970 549 1125 640 paullum,
1145 559 1181 616 ut
1199 551 1295 618 modo
1312 551 1438 616 demon-

327 651 513 732 stravimus,
536 650 640 714 inerat
660 649 843 740 splendoris
859 651 1091 737 etgravitatis,
1112 649 1193 716 nihil
1216 660 1286 716 erat
1309 651 1440 722 σανδα-

328 752 493 815 currerent
515 746 669 814 advoces
683 773 771 816 mere
785 752 925 834 Ionicae,
946 751 1011 816 nisi
1033 750 1061 814 si
1083 748 1258 834 singularis
1279 749 1440 835 quaedam

327 847 496 914 accederet
518 849 630 934 opicae
652 851 761 935 poesis
783 851 908 937 species
930 871 969 914 ac
992 846 1178 914 similitudo.
1214 848 1308 914 Haec
1332 858 1441 913 autem

327 949 479 1036 quoniam
502 945 598 1034 plane
620 945 714 1012 abest
741 971 761 1012 a
782 951 896 1036 paucis
928 949 974 1014 eis
996 947 1161 1024 versibus,
1195 946 1253 1012 ubi
1281 947 1443 1012 eiusmodi

327 1069 423 1112 voces
449 1045 674 1111 inveniuntur:
697 1046 814 1114 Aesch.
835 1047 925 1112 Pers.
951 1053 988 1114 19
1008 1053 1143 1134 (anap.):
1166 1039 1198 1109 oi
1219 1041 1281 1126 μὲν
1302 1038 1359 1130 ἐφ)
1384 1047 1443 1110 ἳπ-

327 1167 416 1222 πων,
441 1137 472 1208 οἳ
489 1136 522 1208 δ’
547 1139 604 1208 ἐπὶ
626 1147 787 1232 νηώρρα)
810 1147 897 1236 Sept.
914 1152 969 1214 62:
991 1142 1029 1210 σὺ
1053 1137 1088 1208 δ’
1112 1141 1191 1222 (ὅςιε
1213 1142 1306 1232 νηὸς
1327 1144 1446 1223 κεδνὸς

328 1237 570 1328 οἰακοστρόφος
577 1289 586 1321 ,
619 1247 676 1332 qui
705 1269 819 1312 versus
850 1245 961 1334 paullo
989 1247 1179 1310 immutatus
1205 1243 1326 1332 legitur
1353 1247 1445 1334 apud

328 1343 406 1410 Eur.
421 1343 508 1410 Med.
522 1349 597 1412 523:
620 1335 693 1406 ἀλλ’
712 1339 792 1420 cirre
814 1341 909 1430 νηὸς
928 1341 1045 1420 κεδνὸς
1060 1337 1320 1429 οἱακοατρόφοςς
1343 1345 1444 1432 Soph.

328 1443 365 1509 fr.
382 1449 457 1512 699:
474 1444 590 1506 ναῦται
607 1439 626 1506 δ
631 1434 640 1460 '
659 1438 863 1532 ἐμηρύσαντο
886 1441 981 1530 νηὸς
1000 1435 1137 1528 ἷσχάδα;
1158 1444 1238 1510 Eur.
1253 1443 1326 1530 Iph.
1343 1444 1446 1510 Taur.
1536 1521 1537 1530 ρ

332 1548 425 1612 1485:
457 1543 561 1628 νηῶν
581 1533 613 1603 τ’
638 1537 773 1624 ἐρετμά,
805 1540 858 1608 σοι’
879 1535 956 1608 τάδ’
981 1535 1027 1620 ὡς
1048 1542 1155 1619 δοκεῖ,
1178 1535 1261 1608 θεάς
1295 1565 1364 1607 non
1389 1541 1447 1608 du-

328 1640 396 1706 bito
417 1640 561 1706 librariis
572 1643 692 1728 potius,
715 1665 813 1728 quam
827 1645 931 1729 poetis
952 1646 1120 1728 genetivus
1138 1643 1264 1708 Ionicos
1281 1643 1449 1718 tribuer03

330 1739 476 1806 dativum
497 1763 575 1806 vero
596 1733 733 1824 νηυσίν
754 1743 810 1830 qui
831 1744 865 1806 in
884 1741 954 1808 cod.
969 1742 1014 1808 M.
1036 1741 1188 1808 estPers.
1212 1747 1292 1824 370,
1316 1765 1448 1808 summo

329 1842 400 1904 iure
422 1840 520 1904 tacite
542 1839 684 1906 editores
708 1851 933 1924 removerunt;
966 1863 1071 1928 neque
1100 1841 1184 1906 enim
1213 1863 1270 1904 cur
1294 1842 1333 1908 ¹in
1353 1841 1448 1908 illum
1536 1903 1537 1908 ,

331 1937 437 2003 locum
461 1940 633 2004 conveniat
661 1939 767 2006 forma
787 1941 899 2008 Ionica
925 1941 1137 2029 perspicitur,
1167 1947 1200 2002 et
1220 1939 1447 2028 diphthongus

331 2059 371 2122 ην
393 2039 427 2102 in
447 2037 510 2103 hac
532 2059 621 2126 voce
635 2061 772 2125 prorsus
794 2037 942 2106 inaudita
963 2049 1013 2104 est
1033 2038 1123 2124 apud
1139 2037 1276 2104 Atticos.

413 2203 536 2286 Aliter,
568 2213 605 2270 ut
630 2203 692 2270 hoc
721 2205 832 2270 statim
859 2205 1016 2286 adiciam,
1050 2213 1259 2290 comparatae
1289 2216 1367 2270 sunt
1389 2229 1447 2271 eac

330 2303 454 2367 formae
474 2302 532 2368 ubi
551 2303 698 2370 vocalem
722 2328 743 2367 α
764 2327 830 2370 non
851 2303 996 2391 sequitur
1019 2324 1037 2366 o
1065 2301 1117 2368 vel
1139 2325 1182 2377 ω,
1216 2301 1273 2368 sed
1295 2325 1333 2380 a,
1359 2326 1393 2380 ε,
1417 2328 1445 2368 a:

331 2395 394 2486 νηί,
419 2403 494 2487 νῆα,
519 2403 603 2487 νῆες,
625 2403 719 2486 νῆας,
749 2404 783 2468 in
804 2401 921 2489 quibus
937 2401 1018 2467 nihil
1031 2393 1195 2467 ¹obstabat
1216 2405 1392 2488 quominus
1413 2405 1446 2468 in

260 2565 262 2571 ,
331 2501 441 2566 Attica
464 2523 588 2589 quoque
611 2501 749 2567 dialecto
762 2501 886 2568 vocalis
909 2525 930 2565 α
951 2503 1106 2566 transiret
1127 2503 1161 2565 in
1176 2523 1206 2586 η.
1234 2501 1307 2584 Quo
1322 2505 1445 2568 factum

333 2609 390 2681 est,
413 2611 448 2664 ut
470 2593 533 2682 νηί,
559 2601 633 2684 νῆες
654 2611 888 2688 usurparentur
909 2602 944 2666 in
967 2622 1113 2665 sermone
1135 2601 1308 2684 cotidiano,
1331 2604 1394 2686 νῆα
1416 2613 1447 2668 et

333 2699 422 2782 νῆας,
447 2699 507 2762 etsi
530 2699 665 2763 alterum
687 2701 866 2765 formarum
888 2722 990 2786 genus
1010 2699 1109 2762 ναῦ-ν
1130 2709 1161 2764 et
1181 2701 1278 2775 νοῦ-ς
1299 2700 1445 2786 legitimo

332 2819 393 2861 usu
413 2806 579 2883 receptum
601 2807 658 2880 est,
680 2821 745 2863 non
768 2822 902 2885 prorsus
924 2807 1163 2885 spernerentur,
1186 2797 1244 2862 sed
1264 2822 1302 2866 eo
1317 2799 1445 2865 facilius

332 2897 366 2960 in
394 2895 509 2962 litteris
539 2897 739 2984 aliquantum
774 2897 932 2962 haberent
964 2899 1181 2980 auctoritatis,
1213 2898 1300 2986 quod
1331 2901 1445 2967 formis

332 2994 434 3061 dativi
456 2995 630 3081 singularis
660 3007 692 3061 et
713 2985 906 3062 nominativi
925 2997 1061 3084 pluralis
1084 2989 1138 3080 νηί
1168 3006 1199 3060 et
1221 2999 1295 3084 νῆες
1324 3005 1444 3085 optime

332 3095 581 3182 respondebant.
633 3093 841 3183 Quapropter
872 3117 954 3184 quae
985 3095 1136 3182 leguntur
1169 3097 1203 3160 in
1227 3095 1387 3183 Aeschyli
1416 3107 1446 3162 et

333 3193 501 3280 Euripidis
528 3196 679 3259 canticis:
712 3193 814 3284 Supp.
837 3201 913 3262 744:
943 3191 1137 3277 δοριπαγεῖς
1159 3185 1194 3257 δ’
1217 3187 1345 3274 &povres
1367 3220 1445 3260 κνα-

332 3287 482 3368 νώπεδας
500 3293 505 3378 Ι
522 3317 568 3378 νη
579 3315 601 3376 α
608 3315 625 3369 ς
646 3287 810 3358 ἔπλευσαν
824 3279 886 3356 ὧδ’
908 3287 1057 3372 ἐπιτυχεῖ
1069 3287 1167 3376 κότῳ,
1191 3292 1263 3380 Iph.
1277 3295 1355 3361 Aul.
1373 3302 1443 3364 254:

333 3385 534 3478 πεντήκοντα
559 3394 660 3478 νῆας
686 3383 841 3472 εἰδόμαν,
877 3415 916 3456 ea
943 3417 1008 3458 non
1034 3402 1101 3457 tam
1128 3393 1240 3458 formis
1263 3395 1366 3480 epicis
1391 3394 1442 3459 ad·

335 3492 538 3578 scripserim,
578 3513 675 3578 quam
708 3493 943 3580 antiquioribus
976 3492 1103 3574 Atticis,
1144 3493 1337 3578 praesertim
1373 3515 1441 3557 cum

333 3611 468 3676 prorsus
491 3590 611 3655 similes
632 3613 728 3656 voces
744 3591 874 3657 abunde
889 3591 1113 3679 suppeditent,
1136 3591 1236 3656 habes
1252 3593 1339 3656 enim
1358 3591 1440 3680 apud

335 3688 560 3776 Thucydidem
592 3683 719 3776 νηίτης,
760 3691 861 3756 habes
901 3693 934 3756 in
969 3690 1234 3778 inscriptionibus
1268 3691 1387 3756 Atticis
1402 3693 1438 3767 ⁵⁷)

383 3959 425 4024 56)
444 3955 548 4011 Contra
564 3974 590 4010 v.
610 3961 642 4012 39
659 3961 733 4010 recte
750 3957 882 4010 traditum
900 3963 942 4012 est
958 3960 1004 4038 καὶ
1022 3953 1174 4028 ἑλειοβάται
1193 3959 1286 4014 ναῶν
1303 3956 1400 4032 ἐρέται.

368 4041 426 4108 ’57)
441 4039 488 4102 Cf.
507 4039 665 4096 Benncrum
681 4041 698 4097 l.
717 4057 740 4096 c.
757 4058 784 4112 p.
804 4043 861 4096 166.
983 4035 985 4039 ’
