3088 4966
533 507 735 600 —rso-

122 678 317 766 κτίμενος
347 683 491 774 Ohoeph.
514 692 574 757 806
596 692 662 765 (c.):
687 683 727 754 τὸ
750 681 786 750 dd
806 682 917 761 καλῶς
937 677 1128 769 κτίμενον

82 793 116 849 ut
135 791 224 850 recte
237 783 477 871 Bembergerus
499 787 637 852 coniecit
656 809 717 873 pro
739 778 950 866 κτάμενον,
975 784 1061 870 quod
1081 787 1188 874 ipsum

82 882 199 970 legitur
619 925 628 950 τ

120 981 210 1048 Pers.
226 987 286 1050 923
300 987 369 1061 (o.):
386 977 477 1067 ἥβαν
491 977 598 1069 Ξέρξᾳ
617 977 958 1064 κταμένανίἈιύου.
968 985 1023 1061 ¹⁷⁹)

121 1074 238 1163 ἔρυτο
261 1081 330 1148 OR.
355 1088 430 1150 1351
454 1088 520 1162 (o.):
552 1076 668 1164 ἔρυτο
691 1073 891 1159 κάνέσωσεν,
923 1074 1021 1146 οὐδὲν
1041 1077 1076 1158 ἐς
1093 1077 1191 1168 χάριν

84 1173 251 1260 πράσσων,
273 1203 370 1269 quum
391 1181 528 1248 formem
540 1182 749 1256 Homericum
771 1203 788 1246 e
809 1183 910 1268 stirpe
933 1179 988 1262 ύρυ
1010 1181 1192 1248 derivatam

88 1281 156 1346 iure
169 1279 363 1347 Dindorfius
385 1283 525 1347 restituit
545 1303 606 1368 pro
618 1279 777 1347 librorum
794 1283 956 1370 scripture
970 1275 1084 1364 ἔρρυτο
1099 1305 1120 1348 a
1133 1305 1192 1348 nu·

89 1401 249 1446 merorum
270 1381 395 1446 ratione
417 1379 531 1446 alienu.

167 1479 339 1545 Adicimus
361 1502 460 1546 unum
479 1502 581 1566 genus
602 1480 780 1546 formarum
801 1479 968 1566 epicorum
989 1482 1192 1548 rarissimum

84 1600 153 1644 oum
174 1579 210 1644 in
232 1580 319 1644 omni
340 1578 541 1645 Graecorum
563 1579 654 1666 poesi
675 1587 742 1644 tum
763 1580 798 1644 in
818 1588 887 1644 erte
908 1581 1047 1666 tragice:

120 1677 225 1744 verbu
264 1679 463 1744 iteretivn
504 1699 587 1766 quoe
627 1687 802 1760 vocantur,
840 1700 975 1766 quorum
1017 1679 1191 1747 verborum

84 1777 234 1866 exempla
261 1777 350 1864 opud
372 1776 565 1864 Sophoclem
594 1785 724 1842 exstant
749 1779 827 1860 tric,
861 1799 963 1864 esque
991 1779 1026 1843 in
1056 1782 1191 1846 canticis

83 1875 278 1962 quibusdum
306 1899 390 1964 quoe
415 1878 545 1942 omnino
566 1875 702 1942 multum
729 1877 764 1940 in
786 1899 820 1942 se
840 1875 983 1942 habeant
1007 1878 1191 1966 splendoris

85 1995 182 2062 eprorz

121 2071 368 2156 ταμιεύεσκε
395 2073 471 2140 Ant.
494 2079 572 2141 950:
603 2069 660 2137 καὶ
686 2068 793 2158 Ζηνὸς
819 2068 1062 2155 ταμιεύεσκε
1095 2073 1194 2160 μονάς

82 2167 305 2259 χρυσορύτους.

103 2266 203 2388 Μεταύ
214 2289 308 2337 sous
328 2271 403 2338 Ant.
421 2277 495 2339 963:
517 2264 700 2335 παύεσκε
719 2265 780 2352 μὲν
799 2267 862 2358 μὰρ
885 2266 1024 2351 ἐνθέους
1039 2277 1194 2358 γυναῖκας

87 2391 176 2436 ευιον
196 2393 233 2436 τε
255 2393 331 2452 περ.

122 2461 1195 2557 βλαστάνεσκενύυ.491ετέκνονάρτιβλαστάνεσκενςῖδθ)
1300 2517 1304 2528 .

86 2571 170 2656 opud
190 2569 392 2657 Aeschylum
413 2591 529 2634 unum:
558 2561 781 2632 κλαίεσκον
801 2569 841 2635 fr.
863 2569 905 2636 H.
929 2578 1004 2654 309,
1032 2577 1059 2638 3.
1089 2575 1123 2637 in
1148 2573 1204 2654 di·-

86 2669 213 2736 verbio:

125 2761 367 2844 κλαίεσκον,
391 2760 477 2830 ἔνθα
499 2762 660 2851 νυκτέρων
682 2761 927 2854 φαντασμάτων

127 2860 239 2946 ἔχουσι
256 2864 392 2954 μορφὰς
413 2857 553 2952 άατεροι
573 2861 831 2946 metrodorum)

168 2967 381 3056 Augmenti
413 2965 551 3051 denique
581 2967 665 3032 ratio
696 2976 727 3031 et
754 2967 901 3038 condicio
932 2965 1018 3030 houd
1051 2965 1196 3052 paullum

87 3065 164 3131 viris
193 3068 299 3134 doctis
330 3065 478 3131 exhibuit
504 3065 714 3132 difficultatis.
758 3067 906 3130 Fuerunt
931 3087 1026 3147 sune,
1059 3067 1114 3151 qui
1136 3067 1197 3130 etsi

88 3167 240 3232 nonnulle
262 3167 373 3250 verba,
397 3177 432 3232 ut
453 3157 577 3248 άνωμα,
601 3162 786 3240 καθεῦδον,
811 3159 1018 3249 καθεζόμην,
1041 3157 1198 3250 καθήμην

79 3279 213 3353 xsemper
236 3265 325 3354 apud
345 3275 459 3353 poetes
480 3265 621 3351 tragicos
639 3285 751 3330 carere
766 3273 938 3352 augmento
952 3263 1085 3327 minime
1106 3263 1196 3348 igno·

88 3362 221 3450 rabant,
253 3365 350 3430 letius
377 3373 485 3429 tumen
514 3385 586 3428 eam
612 3385 680 3428 rem
711 3374 824 3450 petere
856 3371 1087 3451 pernegarunt:
1116 3361 1195 3426 Por-

89 3481 182 3530 sonus
196 3465 254 3543 182)
275 3465 426 3552 inprimis
448 3473 480 3528 et
500 3461 760 3550 Elmsleyus.¹⁸³)
796 3461 892 3543 Quod
907 3483 970 3547 quo
987 3463 1057 3525 iure
1075 3461 1198 3526 fuctum

92 3593 294 3612 Q-——n--ffl

138 3677 197 3748 179)
215 3677 256 3736 Cf.
274 3679 354 3735 Pind.
372 3677 394 3737 I.
412 3677 462 3748 111,
479 3681 521 3737 28.
542 3675 576 3734 N.
595 3677 632 3748 X,
649 3683 690 3734 59.
708 3683 857 3750 φθίμενος,
873 3707 905 3716 -
923 3675 1050 3748 φάμενος
1062 3675 1083 3733 Ι.
1103 3673 1138 3744 V,
1157 3679 1198 3729 49.

140 3764 196 3832 189)
216 3761 250 3816 In
269 3763 330 3818 cod.
347 3767 390 3817 est
406 3764 585 3832 βλάστεσκεν.

139 3848 197 3914 181)
214 3846 300 3918 Apud
317 3847 503 3902 Pindarum
519 3845 614 3900 inveni
641 3846 856 3902 κυὶινύέσκαντσ
871 3844 904 3902 Ρ.
922 3843 972 3912 Ν,
988 3848 1050 3912 209)
1079 3841 1201 3916 ἀράσσε-

92 3939 154 3981 σκον
167 3928 232 3984 ibid.
246 3934 310 4000 2263
328 3930 461 4004 κράτεσκε
476 3929 509 3985 N.
518 3929 568 4005 ΠΙ,
580 3933 625 3998 5²3
640 3928 993 3999 opudAristophnnem
1005 3926 1201 3990 ἐξαπάτασκον

90 4003 120 4060 Ρ.
135 4013 206 4070 loto.
229 4016 258 4068 in
281 4013 352 4070 votis
370 4013 546 4069 hexametris:
573 4015 598 4065 st
615 4014 669 4082 γὰρ
686 4015 726 4084 μὴ
744 4016 867 4087 Νύμφαι
888 4031 919 4081 με
942 4015 1005 4066 θεαὶ
1027 4010 1120 4066 Βάκιν
1137 4009 1200 4071 ἐξα-

47 4143 50 4152 .
92 4089 240 4153 πάτασκσν.
1115 4087 1119 4096 “

143 4181 200 4250 182)
217 4180 309 4238 Praei.
329 4183 365 4236 od
381 4179 449 4236 Hoc.
467 4197 495 4252 p.
514 4183 538 4236 b.
556 4209 590 4219 -
610 4182 667 4249 183)
685 4177 749 4236 Not.
769 4181 805 4234 ed
821 4179 923 4235 Bacch.
944 4179 1016 4234 1132.

940 4265 991 4318 17*
