3070 4962
876 451 933 512 140

344 627 497 702 (maxime
519 626 678 694 Hecataei
699 628 834 712 Milesii,
855 629 1057 717 Pherecydis
1079 631 1186 714 Lerii,
1209 628 1298 696 lonis
1319 628 1406 706 Ohii)
1427 639 1455 694 et

344 725 612 814 philosophorum
640 729 858 815 (potissimum
882 729 1105 817 Anaxagorae
1135 728 1352 812 Clazomenii,
1380 728 1454 795 Dio·
1521 745 1522 778 l

343 827 436 911 genis
457 825 679 914 Apollonitae,
700 828 826 896 Melissi
849 829 969 912 Samii,
991 827 1151 894 Heracliti
1171 828 1320 916 Ephesii,
1343 827 1454 900 Demo·
1521 785 1522 840 l

344 922 426 989 criti
443 924 644 1010 Abderitae),
677 951 814 1018 quorum
848 927 904 994 illa
926 930 1132 994 continentur
1154 928 1188 992 in
1213 928 1231 993 I
1257 937 1290 992 et
1308 927 1342 992 Π
1371 925 1454 992 volu·

343 1025 430 1089 mine
451 1024 603 1092 editionis
624 1049 708 1118 quae
728 1030 886 1115 inscripta
908 1037 972 1092 est:
1006 1029 1212 1115 „fragmenta
1233 1027 1455 1092 historicorum

345 1122 473 1207 Graec,
505 1128 591 1190 notis
619 1137 650 1192 et
678 1127 825 1214 prolegg.
847 1126 962 1194 illustr.
994 1128 1032 1195 O.
1054 1138 1085 1193 et
1107 1127 1167 1193 Th.
1189 1125 1354 1204 Muelleri,
1384 1124 1453 1189 Par.

347 1213 504 1290 tort-51
521 1231 554 1302 (4
567 1224 692 1310 Voll.)“,
713 1228 795 1293 haec
808 1228 842 1291 in
859 1226 1001 1292 editione
1022 1229 1113 1312 cuius
1134 1226 1245 1293 titulus
1267 1234 1332 1292 est:
1354 1223 1455 1311 „frag-

344 1331 453 1387 menta
479 1323 747 1412 philosophorum
770 1325 885 1391 Graec.
907 1325 1030 1412 colleg,
1059 1349 1194 1409 recens,
1221 1335 1311 1404 vert,
1342 1331 1455 1390 annott.

345 1429 377 1486 et
396 1420 541 1508 prolegg.
564 1423 691 1507 illustr,
712 1425 803 1491 indd.
822 1427 913 1490 instr.
933 1427 972 1491 F.
989 1425 1022 1493 S.
1036 1425 1291 1491 A.-Mullachius.
1322 1425 1455 1489 Potaeos

344 1519 590 1610 philosophicae
612 1534 879 1614 caeterorumque
901 1525 1077 1592 anteSocr.
1090 1525 1358 1613 philosophorum
1380 1517 1455 1608 quae

344 1631 527 1707 supersunt
548 1622 626 1688 Par.
636 1626 745 1692 1860st
766 1625 913 1713 Utraque
927 1635 1036 1691 tamen
1052 1648 1124 1691 cum
1135 1627 1210 1713 ipsa
1222 1645 1377 1710 magnam
1389 1643 1456 1709 par-

344 1729 408 1785 tem
430 1718 612 1807 depravata
633 1726 698 1788 sint
718 1735 814 1813 atque
836 1726 870 1789 in
890 1723 1036 1810 linguam
1057 1723 1201 1790 Atticam
1225 1745 1395 1804 conversa,
1415 1722 1457 1786 ita

343 1827 469 1886 tantum
489 1823 653 1909 respicere
674 1823 764 1907 licet,
796 1825 825 1890 si
847 1846 931 1910 quae
953 1825 1220 1911 vestigiapurae
1242 1821 1376 1888 dialecti
1398 1843 1456 1887 ser·

344 1928 473 1988 varunt.

428 2017 525 2104 Quod
546 2020 589 2085 ad
610 2020 771 2087 Herodoti
793 2023 966 2090 dialectum
988 2025 1112 2106 attinet,
1133 2024 1220 2087 nitor
1241 2020 1279 2086 O.
1295 2021 1334 2084 L.
1351 2019 1458 2085 Strovi

345 2119 572 2206 quaestionum
603 2119 644 2184 de
676 2120 814 2188 dialecto
849 2122 1010 2188 Herodoti
1041 2119 1273 2209 speciminibus
1305 2119 1355 2184 III
1391 2117 1457 2184 edd.

344 2217 528 2304 Regimonti
553 2225 714 2290 1828-30
741 2223 788 2296 (in
818 2221 1049 2309 opusculorum
1075 2220 1138 2287 vol.
1160 2221 1225 2303 Π.),
1248 2217 1289 2285 G.
1310 2217 1458 2285 Dindorfi

347 2316 577 2383 dissertatione
608 2318 649 2384 de
678 2319 753 2384 dial.
775 2320 854 2386 Her.
884 2343 968 2406 quae
996 2320 1115 2407 legitur
1142 2320 1177 2384 in
1199 2318 1340 2384 editione
1359 2317 1402 2384 ab
1425 2340 1458 2382 eo

346 2427 460 2483 curata
479 2417 616 2484 Parisiis
641 2425 720 2488 1844
740 2421 862 2497 (insunt
887 2422 985 2486 etiam
1007 2413 1137 2487 Ctesias
1162 2419 1279 2504 fragm.
1305 2417 1422 2484 illustr.
1442 2438 1459 2480 a

347 2517 383 2584 O.
396 2515 575 2603 Muellero),
595 2517 747 2606 Lhardyi
765 2529 797 2584 et
814 2518 949 2584 Abichti
971 2516 1216 2607 quaestionibus
1236 2517 1323 2582 infra
1346 2515 1459 2596 allatis,

317 2608 320 2615 ‘
346 2619 488 2682 maxime
517 2627 625 2682 autem
645 2617 790 2684 Bredovi
811 2620 1058 2706 „quaestionum
1089 2617 1130 2682 de
1159 2615 1237 2681 dial.
1264 2615 1345 2682 Her.
1372 2614 1460 2682 libris

346 2717 403 2783 IV.
422 2718 470 2782 ed.
492 2717 626 2805 Lipsiae
653 2719 774 2793 1846“;'
805 2740 991 2805 quanquam
1019 2720 1049 2783 ei
1077 2739 1142 2782 non
1162 2725 1285 2781 temere
1305 2714 1388 2780 fides
1408 2713 1459 2779 ha·

346 2816 455 2881 benda
482 2826 545 2899 est,
577 2818 654 2904 quia
687 2841 752 2884 non
785 2818 922 2882 multum
953 2825 1046 2884 curat
1077 2815 1280 2902 singulorum
1307 2814 1459 2881 librorum

347 2917 574 2982 auctoritatem
595 2928 693 3003 atque
715 2916 804 2984 haud
826 2940 902 2983 raro
924 2919 1130 3002 quaestiones
1152 2913 1324 3001 ambiguas
1347 2911 1459 2979 diiudi-

348 3038 423 3080 care
445 3015 552 3081 studet
576 3015 644 3081 solo
668 3039 780 3082 eorum
801 3039 936 3083 numero
949 3016 992 3080 ¹in
1014 3014 1156 3082 calculos
1177 3023 1303 3081 vocato.

429 3115 644 3203 Hippocratis
675 3119 869 3204 scriptorum
905 3116 1049 3202 genuina
1083 3114 1153 3180 sola
1180 3137 1200 3178 a
1230 3135 1281 3177 me
1318 3109 1461 3176 adhibita
1521 3087 1522 3178 l

348 3224 434 3280 sunt:
457 3222 487 3292 a)
510 3212 651 3280 Κωακαὶ
672 3211 876 3298 προγνώσεις
898 3215 990 3295 (haec
1013 3215 1142 3300 signavi
1163 3222 1241 3278 nota
1263 3210 1304 3284 (l)
1338 3208 1372 3282 b)
1394 3203 1460 3273 dat·

348 3312 476 3400 δημιῶν
491 3311 529 3380 τὸ
544 3318 677 3400 πρῶτον
699 3317 798 3396 (El)⁷)
821 3321 850 3394 o)
871 3311 1061 3401 ἒπιόημιῶν
1081 3310 1119 3376 τὸ
1140 3306 1251 3395 τρίτον
1264 3311 1365 3390 (um)
1385 3311 1408 3388 ⁷)
1430 3306 1461 3384 d)

347 3409 424 3494 περὶ
445 3405 553 3496 ἀέρων
567 3408 698 3478 ὑδάτων
710 3411 824 3480 τόπων
835 3413 950 3492 (AAL)
977 3419 1006 3492 e)
1021 3409 1099 3496 περὶ
1115 3407 1246 3498 διαίτης
1264 3400 1367 3489 ὀξέων
1381 3405 1461 3486 (Vl)
1521 3453 1522 3510 p

347 3515 374 3592 1)
395 3509 470 3594 περὶ
489 3514 556 3577 τῶν
576 3510 611 3577 ἐν
626 3512 757 3604 κεφαλῇ
775 3508 972 3598 τραυμάτων
989 3512 1081 3596 (CV),
1104 3534 1188 3598 quae
1207 3511 1411 3577 continentur
1430 3507 1462 3570 in
1521 3529 1522 3586 t

247 3627 262 3702 j
349 3612 510 3678 volumine
531 3613 548 3678 l
569 3615 712 3702 optimae
740 3615 892 3680 editionis
922 3636 1005 3702 quae
1030 3613 1190 3699 inscripta
1220 3621 1285 3676 est:
1319 3606 1461 3694 „Hippo

350 3713 449 3778 cratis
476 3721 508 3778 et
534 3712 671 3781 aliorum
698 3714 898 3780 medicorum
925 3723 1074 3780 veterum
1095 3710 1262 3797 reliquiae,
1293 3707 1343 3774 ed.
1362 3706 1461 3772 Fran·
1521 3751 1522 3792 ,

350 3812 455 3876 ciscus
476 3811 656 3878 Zacharias
678 3813 862 3896 Ermerins,
886 3813 1047 3880 Traiectis
1069 3810 1112 3876 ad
1133 3809 1281 3875 Rhenum
1306 3809 1460 3878 1859-65

350 3911 503 3990 3Voll.)“
548 3913 663 4001 Neque
696 3911 778 3978 haec
810 3911 941 3999 quidem
975 3915 1010 3978 in
1038 3909 1187 3978 omnibus
1220 3908 1319 3976 rebus
1352 3925 1462 3972 norma

354 4065 562 4074 -—--——-..—

438 4163 464 4230 7)
482 4161 533 4217 hos
549 4161 636 4218 libros
652 4162 734 4218 modo
753 4161 905 4217 secundum
923 4161 1040 4232 paginas
1061 4159 1140 4214 citari
1159 4158 1231 4213 licet.
