3088 4966
854 451 915 513 202

335 619 444 689 verbis
466 620 642 696 eliciamus.
691 624 744 690 An
768 625 837 694 ulla
865 637 972 695 exstat
1004 631 1117 718 regule
1144 633 1325 699 seeundum
1351 659 1442 720 quam

335 719 414 806 quid
435 723 600 786 veteribus
619 725 722 788 visum
734 727 776 791 sit
787 749 899 812 grave,
921 730 998 814 quid
1012 731 1156 816 volgare,
1178 733 1257 817 quid
1267 735 1445 821 incitatum,

335 817 412 904 quid
437 821 663 907 tranquillum,
684 845 744 909 pro
772 837 859 890 certo
881 827 1102 894 affirmemus?
1146 831 1270 896 Fateor
1289 834 1445 918 equidem,

335 915 427 981 vorbi
456 941 587 1008 caussa,
621 922 654 986 in
681 923 786 988 forma
810 923 1010 1012 Θρῄσσῃσισ,
1044 949 1141 1016 quam
1170 929 1347 996 Mauritius
1369 933 1445 1001 seit·

334 1015 452 1099 fertus,
487 1021 542 1106 qui
573 1042 633 1106 pro
665 1017 830 1108 θσέλλῃσι
858 1025 934 1092 Ant
963 1033 1033 1096 984.
1060 1027 1226 1093 substituit
1254 1027 1443 1108 θυέλλαισι,

334 1118 489 1186 intactam
508 1119 639 1205 reliquit
659 1119 735 1187 Ant
757 1127 834 1192 588:

462 1211 646 1306 Θρῄσσῃσιν
667 1213 782 1302 ἔρεβος
802 1217 930 1305 ὕφαλον
951 1219 1118 1311 ἐπιδράμῃ
1138 1227 1271 1302 πνοαῖς,

330 1329 457 1395 prepter
477 1321 574 1398 speum
599 1329 635 1383 ut
656 1321 702 1386 ait
732 1326 798 1384 seut
817 1330 1010 1406 saumatam,
1043 1339 1201 1408 quaenam
1226 1326 1355 1410 sitista
1377 1331 1448 1392 soni

335 1417 487 1497 renuitas,
511 1439 594 1503 quae
616 1421 650 1482 in
671 1419 774 1484 altera
796 1421 902 1486 forma
921 1416 1125 1508 Θρῄσσαισιν
1146 1425 1301 1506 suavitas,
1323 1449 1377 1490 me
1397 1449 1448 1490 co·
1533 1439 1534 1470 l

334 1515 492 1598 gitatione
521 1539 586 1581 non
615 1523 755 1605 assequi.
798 1519 1040 1586 Sententiarum
1074 1544 1152 1607 ergo
1180 1522 1306 1588 colores
1337 1525 1448 1590 subtili

335 1623 367 1678 et
388 1623 481 1679 cauto
502 1615 637 1698 iudicio,
659 1627 814 1704 quantum
834 1619 946 1703 liceat,
970 1619 1189 1708 explicemus,
1210 1643 1364 1687 sonorum
1385 1623 1449 1688 dis·
1473 1689 1478 1700 ,

335 1715 480 1796 crimina,
506 1715 569 1781 nisi
590 1715 734 1782 firmiora
755 1719 914 1784 accedant
933 1729 1132 1805 arguments,
1154 1722 1348 1787 omittamus.

418 1813 484 1880 Sed
505 1837 578 1879 eum
599 1815 662 1880 hac
683 1839 734 1900 re,
765 1818 806 1882 de
837 1841 901 1904 qua
935 1820 970 1886 in
1001 1819 1143 1906 siugulis
1169 1819 1374 1907 exponendis
1397 1843 1447 1885 ao-

335 1913 480 1978 curatius
506 1914 739 2001 disputandum
766 1919 845 1999 erit,
875 1927 1019 2003 cognata
1044 1928 1093 1982 ost
1113 1922 1310 2004 grauissima
1336 1919 1396 1984 illa
1416 1923 1448 1984 in
1533 2003 1534 2008 η

335 2014 416 2099 ipsis
437 2014 627 2099 tragoediae
649 2015 799 2101 partibus
829 2016 1022 2082 diversitas:¹
1050 2016 1141 2080 aliud
1167 2017 1292 2082 scilicet
1319 2017 1448 2084 dicendi

335 2135 437 2197 genus
459 2123 508 2176 est
529 2115 561 2177 in
584 2116 718 2180 canticis
739 2115 863 2201 lyricis,
884 2116 1002 2203 quibus
1025 2139 1097 2180 cum
1118 2117 1272 2182 tmiuersa
1294 2117 1390 2201 poesi
1404 2119 1448 2204 ly·

335 2213 405 2277 rica
426 2235 550 2276 summa
572 2213 744 2278 intercedit
762 2215 985 2296 necessitud03
1008 2215 1097 2280 uliud
1117 2217 1152 2278 in
1171 2214 1348 2297 diverbiis,
1368 2239 1449 2303 quae

336 2313 396 2376 etsi
425 2321 558 2398 propter
587 2315 770 2398 argumenti
800 2315 1004 2378 sanctitatem
1030 2313 1279 2400 magnificentia
1307 2315 1447 2400 quadam

336 2411 508 2498 splendent
536 2414 709 2495 orationis,
742 2435 802 2499 pro
832 2415 906 2498 ipsa
932 2423 1041 2476 tamen
1073 2411 1226 2498 colloquii
1260 2422 1382 2492 natura
1409 2413 1449 2478 ad

336 2533 538 2576 communem
569 2511 734 2576 bominum
767 2534 947 2577 sermonem
979 2513 1117 2598 propius
1148 2511 1328 2594 accedunt3
1362 2512 1449 2578 eliud
1533 2505 1534 2508 ¹

335 2611 369 2674 in
386 2620 638 2697 anapaestorum
659 2613 857 2698 systematis,
880 2632 964 2697 quse
984 2612 1031 2674 its
1051 2609 1194 2674 medium
1214 2610 1283 2674 fero
1301 2609 1449 2676 obtinent
1533 2617 1534 2622 ’

335 2710 441 2774 locum
462 2711 547 2774 inter
576 2711 702 2774 cantica
731 2719 763 2775 et
784 2709 949 2791 diverbia,
979 2719 1100 2796 utque
1129 2711 1233 2774 arb'us
1255 2709 1449 2775 cohaereant

336 2809 553 2874 oummelieis
575 2809 759 2874 fabularum
780 2809 945 2897 partibus,
978 2830 1016 2872 eo
1045 2809 1182 2895 propius
1215 2808 1448 2892 sdexternam

337 2911 537 2973 cantieorum
556 2911 702 2994 speciem
724 2907 898 2981 aceedaut3
920 2907 1018 2972 ,aliud
1041 2906 1180 2996 deniquo
1207 2905 1241 2972 in
1262 2911 1448 2974 nuntiorum

336 3007 593 3089 narrationibus,
628 3027 712 3094 quae
741 3008 894 3092 quonism
931 3029 1003 3070 cum
1035 3005 1128 3092 spico
1149 3006 1309 3070 narrandi
1330 3029 1448 3092 genere

336 3129 395 3194 per
418 3130 451 3171 se
472 3107 596 3194 aliquid
617 3107 738 3172 babent
760 3106 992 3188 similitudinis,
1015 3127 1121 3191 pauca
1138 3105 1394 3191 adsumpserunt
1407 3129 1447 3172 ex

337 3209 431 3292 spice
445 3208 539 3292 poesi
553 3206 671 3294 quibus
685 3205 881 3270 abstinuerit
894 3204 1118 3270 diverbiorum
1132 3203 1352 3269 mediocritas
1383 3205 1448 3290 Ap·

336 3315 431 3392 paret
452 3307 561 3390 igitur,
586 3306 640 3369 via
662 3311 694 3369 et
714 3303 892 3370 rationari
913 3302 1069 3388 progredi
1089 3302 1226 3368 volimus
1236 3352 1245 3385 ,
1265 3323 1332 3368 nou
1353 3303 1450 3368 licere

337 3414 392 3468 aut
413 3407 496 3492 quae
522 3408 556 3468 in
586 3427 651 3470 una
673 3425 785 3468 earum
813 3401 956 3488 partium
989 3425 1054 3466 non
1076 3401 1243 3487 legantur,
1273 3423 1316 3466 ex
1348 3401 1449 3466 alters
1533 3423 1534 3442 ¹

336 3514 457 3572 temere
477 3524 653 3582 removere,
691 3511 747 3566 aut
769 3523 852 3588 quse
873 3499 928 3564 bie
948 3499 1050 3564 firmis
1073 3501 1218 3566 nitantur
1237 3502 1448 3585 argumentis,

334 3603 415 3668 illuc
437 3604 548 3668 statim
569 3604 755 3668 coniectura
776 3602 910 3678 inferre,
934 3599 991 3665 sed
1014 3599 1202 3686 diligentius
1226 3621 1297 3664 esse
1317 3599 1448 3663 investi-

338 3703 491 3788 gandum,
514 3701 592 3790 quid
613 3701 781 3788 proprium
804 3701 848 3764 sit
869 3707 1121 3786 anapaestorum
1142 3698 1333 3763 molinorum
1355 3735 1395 3744 -
1416 3705 1449 3761 ut

338 3803 482 3866 brevitor
501 3803 548 3866 ita
569 3801 677 3866 dicam
698 3837 748 3880 -,
770 3798 849 3886 quid
870 3807 1124 3884 anapaestorum
1144 3797 1342 3882 volgarium
1373 3793 1448 3882 quid

337 3911 452 3986 poetae
477 3901 549 3965 ausi
571 3902 635 3964 sint
655 3901 689 3962 in
710 3899 894 3963 nuntiorum
916 3896 1167 3978 narrationibus,
1191 3895 1269 3983 quid
1289 3897 1324 3960 in
1346 3894 1447 3958 diver·

337 4000 411 4063 biis.
456 3999 675 4086 Quapropter,
699 3999 726 4061 si
748 3997 932 4060 distinctius
952 4018 1029 4064 suas
1050 3997 1165 4084 cuique
1187 3995 1275 4082 parti
1296 4015 1336 4060 ae
1356 4013 1445 4080 pecu·

336 4098 434 4166 liores
456 4101 671 4188 proprietates
693 4095 861 4162 vindicare
887 4093 1060 4175 nonlicet,
1092 4131 1136 4168 7-
1167 4103 1242 4186 spnt
1274 4094 1359 4160 onim
1386 4113 1445 4156 uon
