3148 4958
684 463 706 526 9

135 656 197 730 (ka)
220 653 255 716 in
277 645 466 714 masculinis
489 645 723 736 patronymiois
746 667 817 708 cum
841 665 885 704 ow
908 641 1024 708 suffixo
1047 647 1251 734 conjunctum

136 759 245 816 exstat
266 749 298 814 in
322 751 526 812 roan-oona
549 752 666 824 (ross).
689 781 730 790 -—
754 742 946 808 Germani
975 747 1013 804 lca
1035 745 1152 811 suffixo
1183 748 1251 814 solo

136 849 367 937 patronymica
381 847 497 912 fecisse
511 845 670 911 videntur.
716 843 800 908 Nam
822 849 872 922 iay
889 841 1053 926 suffixum,
1070 846 1104 910 in
1119 867 1184 934 qua
1202 849 1252 912 vis

135 947 362 1036 patronymica
391 947 476 1012 inest
498 944 561 1022 tos„
575 943 680 1010 Jacob
704 942 839 1013 Grimm,
870 940 1023 1006 deutsche
1046 941 1252 1010 Grammatilr

134 1048 224 1132 11‚p.
247 1051 309 1114 349
333 1053 410 1133 seq.)
433 1053 468 1110 ut
490 1045 524 1108 in
547 1043 803 1128 anglosaxonica
815 1041 927 1126 lingua
937 1047 1045 1121 Eoppa
1059 1047 1166 1124 Eoinp
1186 1047 1251 1118 (ic.

135 1152 215 1207 Erae
229 1149 328 1227 filios)
351 1167 393 1208 ex
413 1148 451 1206 to
479 1152 584 1208 ortum
612 1163 683 1206 esse
708 1139 977 1206 verisimillimum
1007 1150 1055 1204 est
1082 1142 1133 1217 (cf.
1147 1142 1251 1230 Bopp,

135 1243 235 1329 vergi.
259 1242 405 1308 Gramm.
426 1246 551 1324 §.aaut

216 1348 245 1426 ξ.
264 1348 312 1410 to.
335 1341 462 1422 Quodsi
476 1343 509 1406 in
525 1341 673 1408 omnibus
692 1341 759 1406 fere
773 1339 893 1425 linguis
906 1339 1180 1424 indogermanicis
1193 1366 1250 1429 pa·

135 1444 317 1529 tronymica
331 1464 348 1506 e
362 1441 558 1528 possessivis
567 1439 772 1526 prodierunt,
795 1461 915 1524 graeca
927 1441 1155 1526 patronymica
1169 1442 1251 1528 ejus·

136 1542 207 1606 dem
222 1543 359 1628 originis
374 1539 728 1628 esseverisimillimum
743 1547 799 1604 est.
821 1537 931 1618 Quare
946 1537 988 1600 do
1004 1537 1164 1622 suffixum,
1179 1563 1250 1604 cum

135 1643 166 1704 in
185 1642 303 1705 ceteris
324 1639 445 1725 linguis
466 1639 547 1704 nihil
568 1639 671 1704 simile
693 1649 814 1720 exstet,
843 1661 884 1702 ex
909 1645 950 1717 ja
980 1637 1097 1703 suffixo
1125 1662 1250 1724 posses·

136 1741 203 1804 sivo
228 1739 360 1806 Curtius
383 1761 441 1804 suo
458 1740 534 1825 jure
561 1740 664 1804 duxit.
703 1739 772 1804 Nec
798 1739 974 1802 sententiae
996 1739 1064 1824 ejus
1085 1737 1170 1802 obici
1195 1763 1250 1826 po·

135 1848 212 1922 test,
242 1861 315 1903 cum
344 1847 451 1904 cetera
481 1838 645 1924 adjectiva
673 1839 707 1902 in
738 1859 771 1900 ro
800 1847 944 1915 exstare,
973 1837 1007 1900 in
1035 1835 1189 1924 quibusj
1215 1840 1250 1904 in

136 1945 153 2022 i,
174 1960 241 2002 non
263 1938 299 2002 in
321 1934 341 2000 d
362 1937 538 2020 osurierit,
566 1947 634 2002 turn
662 1936 750 2024 apud
778 1935 956 2001 Homerum
987 1958 1106 2023 eosque
1128 1947 1250 2022 poetas,

136 2039 189 2126 qui
209 2036 302 2102 illum
324 2041 426 2102 secuti
448 2047 530 2120 sunt,
552 2048 649 2124 atque
668 2037 702 2100 in
723 2035 873 2100 boeotioa
895 2034 1031 2098 dialecto
1055 2033 1250 2121 adjectivae

136 2135 316 2200 nominibus
339 2136 481 2224 propriis
503 2136 590 2204 facta
606 2136 864 2222 patronymicum
877 2135 944 2198 vim
954 2131 1084 2198 habere.
1129 2133 1251 2213 Quidni

135 2237 218 2300 enim
249 2245 448 2317 statuamus,
480 2234 624 2300 Graecos
655 2235 764 2326 prisco
797 2233 939 2322 quodam
968 2227 1130 2319 tempore,
1161 2232 1252 2313 ubij

136 2336 324 2422 spirantem,
346 2336 402 2422 qui
426 2357 522 2399 sonus
544 2345 580 2399 ut
602 2334 745 2421 reliquae
768 2335 930 2420 spirantes
943 2334 990 2396 ori
1013 2342 1045 2396 et
1057 2331 1190 2398 auribus
1201 2356 1251 2399 eo·
1291 2351 1294 2358 ⁴

134 2457 202 2498 rum
225 2432 381 2498 molestus
410 2435 600 2522 invisusque
627 2434 699 2500 fieri
728 2443 862 2520 coeptus
891 2441 953 2516 est,
980 2431 1075 2496 modo
1105 2433 1138 2496 in
1160 2437 1171 2493 ι’
1194 2457 1251 2498 vo·

135 2532 234 2597 colem
257 2533 411 2598 mutando
432 2533 529 2598 modo
558 2535 592 2597 in
615 2533 762 2619 spiritum
794 2554 947 2619 asperum
976 2531 1131 2596 vertendo
1154 2532 1249 2598 modo

136 2629 270 2696 dlitera
299 2631 537 2718 praemittenda
563 2635 721 2720 aptiorem
751 2631 793 2698 ad
821 2630 1096 2720 pronuntiandum
1123 2632 1249 2714 fecisse,

65 2787 67 2793 .
128 2737 165 2808 ja
187 2731 299 2797 suffixi
321 2733 483 2797 notionem
505 2734 764 2818 patronymicam
786 2731 962 2818 specialem
985 2755 1005 2796 a
1019 2731 1164 2816 generali
1175 2753 1249 2818 pos-

135 2832 257 2895 sessiva
287 2833 380 2917 quasi
409 2831 552 2896 consulto
582 2834 628 2896 ita
650 2831 838 2895 distinxisse
851 2833 883 2913 ¹),
905 2841 940 2895 ut
959 2833 993 2895 in
1014 2833 1249 2918 patronymicis

134 2939 163 2993 et
184 2929 388 2994 diminutivis
410 2931 445 2992 in
473 2928 560 3012 door,
586 2939 606 3010 j
627 2931 739 2994 literae
763 2929 782 2992 d
805 2931 1047 3016 praemiserint,
1076 2932 1110 2993 in
1132 2933 1248 2996 ceteris

134 3028 322 3094 derivativis
353 3029 450 3116 hujus
480 3029 590 3094 suffixi
623 3053 683 3116 ope
710 3030 846 3108 factisj
875 3031 909 3094 in
933 3054 944 3092 ι
967 3031 1112 3096 vocalem
1145 3041 1248 3098 verte-

133 3128 219 3193 rint?
253 3129 375 3193 Ncstra
404 3129 505 3214 igitur
534 3130 693 3193 sententia
715 3127 834 3193 Graeci
856 3137 1001 3215 tempore
1029 3131 1169 3218 quodam
1191 3155 1247 3218 pa-

134 3229 316 3314 tronymica
350 3230 383 3292 in
413 3235 495 3308 dja-s
524 3229 720 3310 formarunt,
753 3251 849 3315 quam
878 3229 1015 3293 formam
1042 3243 1060 3310 j
1088 3230 1157 3292 int
1187 3231 1247 3296 sol-

132 3325 235 3392 vendo
265 3349 286 3388 α
314 3329 347 3391 in
375 3348 393 3390 o
420 3327 575 3392 vertendo
606 3326 783 3392 Aeolenses
812 3325 947 3392 lesbiaci
978 3330 1012 3392 in
1044 3327 1117 3404 ὄιος
1128 3329 1151 3405 ²)
1158 3378 1167 3411 ,
1198 3353 1247 3393 re-

198 3559 221 3624 1)
239 3554 363 3614 Graecos
379 3558 490 3628 formas,
508 3577 580 3632 quae
598 3561 680 3616 unius
700 3561 877 3632 ejusdemque
893 3561 1006 3633 originis
1024 3567 1111 3630 erant,
1131 3578 1193 3616 cum
1207 3564 1246 3618 di·

132 3655 224 3695 versae
242 3641 369 3698 notiones
387 3644 427 3698 eis
445 3647 668 3715 imponerentur,
694 3645 777 3699 etiam
795 3644 869 3698 sonis
887 3646 1088 3715 quodammodo
1107 3648 1246 3701 mutandis

132 3722 201 3777 inter
216 3741 246 3779 se
263 3725 420 3781 distinxisse
429 3727 561 3796 videmus,
579 3735 611 3782 ut
627 3728 743 3799 primam
760 3745 907 3800 personam
922 3729 996 3782 dual.
1020 3746 1093 3783 num.
1112 3730 1142 3782 in
1153 3737 1246 3803 μεθον

132 3812 158 3860 et
180 3808 251 3878 plur.
274 3827 349 3864 num.
373 3811 403 3864 in
425 3819 504 3883 μεθα
530 3827 562 3866 ex
585 3829 641 3866 uno
666 3812 744 3867 fonte
766 3812 876 3866 fluuisse
900 3817 1069 3882 compertum
1092 3819 1141 3869 est.
1179 3816 1245 3884 (Cir.

133 3891 294 3962 Sohleicher,
311 3893 407 3966 Comp.
426 3901 449 3962 §-
469 3897 518 3950 283
536 3899 565 3949 et
582 3898 653 3962 285.)
673 3927 704 3936 -
724 3897 793 3952 Jure
805 3898 925 3967 quodam
943 3894 1071 3950 suffixum
1088 3903 1244 3971 patronym.

131 3975 168 4027 eis
184 3975 290 4031 suffixis
309 3977 484 4048 adnumerari
499 3979 595 4050 possit,
616 3996 687 4049 quae
705 3980 815 4035 Curtius
834 3981 880 4048 (K.
900 3981 988 4034 Ztsoh.
1007 3979 1056 4048 IV,
1070 3999 1095 4050 p.
1115 3986 1162 4037 211
1178 3989 1245 4054 seq.)

132 4059 394 4118 individualiss'rend
409 4062 568 4132 appellavit.

193 4145 219 4208 2)
238 4143 324 4200 Simili
344 4146 426 4201 modo
449 4146 525 4218 apud
541 4146 649 4201 Atticos
673 4149 877 4219 patronymica,
900 4163 971 4219 quoe
995 4163 1013 4202 a
1034 4150 1176 4206 vocabulis
1201 4168 1245 4210 co,
