3148 4958
676 425 695 485 7

122 609 188 693 Jam
203 603 382 689 intelleges,
398 604 632 690 patronymicis
648 603 775 690 graecis
792 603 1036 670 accuratissime
1047 604 1245 692 respondere

126 715 155 768 et
177 705 339 768 sanserita
359 705 599 790 patronymica,
628 725 710 790 quae
734 710 775 782 jo
795 704 913 770 suffixo
934 705 1075 770 formata
1097 713 1180 788 sunt,
1210 711 1247 770 ut

126 809 296 882 Dtdumjas
323 804 344 866 i.
365 825 390 865 e.
412 807 596 881 Dierna-ajo
615 805 716 884 filius,
749 814 781 867 et
805 803 908 868 latina
941 805 1072 869 nomina
1101 803 1245 889 gentilia,

126 925 260 990 quorum
283 901 465 988 plurimae
489 901 674 966 nominibus
701 904 844 989 propriis
874 904 943 967 sive
971 903 1245 988 praenominibus,

125 1013 157 1066 ut
187 1008 330 1064 Marciae
363 1021 383 1065 a
412 1005 555 1082 Murcus,
594 1005 752 1071 Quinctius
786 1025 806 1067 a
840 1005 988 1084 Quintus,
1025 1003 1094 1066 sive
1127 1023 1244 1087 cogno-

125 1101 267 1166 minibus
288 1109 325 1165 ut
345 1105 485 1162 Plautius
507 1123 528 1166 a
547 1106 676 1163 Plautus
694 1099 844 1166 derivata
860 1110 941 1165 sunt.
975 1099 1114 1165 Omnino
1139 1110 1243 1166 autern

119 1211 157 1282 ja
178 1200 349 1282 suffixum,
372 1221 445 1264 cum
466 1201 500 1263 in
523 1200 714 1265 derivativis
737 1209 860 1283 exstat,
882 1199 1040 1284 originem
1067 1199 1244 1288 significat3

125 1322 225 1387 quare
247 1300 373 1386 antiqui
393 1300 600 1383 grammatici
612 1297 773 1363 vocabula
785 1299 976 1380 derivativa,
990 1299 1082 1382 'quae
1102 1298 1165 1364 hoc
1182 1299 1245 1364 suf·

125 1399 188 1463 fixo
210 1399 352 1462 formata
374 1407 476 1481 erant,
499 1398 694 1485 possessivis
717 1398 907 1484 (κτητικοῖς)
925 1396 1141 1462 adnumerare
1164 1397 1243 1462 sole-

125 1498 219 1580 bant,
251 1519 333 1585 quae
363 1500 470 1583 aptius
497 1498 693 1584 genetiva
719 1491 858 1580 (γενικά)
886 1495 1053 1584 appellare
1085 1505 1244 1582 poterant.

127 1597 237 1682 Neque
258 1597 472 1682 ignorabant,
501 1599 643 1662 maxime
673 1597 758 1661 inter
781 1621 815 1662 se
838 1605 978 1682 cognata
999 1601 1070 1661 esse'
1091 1605 1244 1684 patrony-

127 1697 209 1760 mica
230 1703 263 1760 et
284 1697 479 1781 possessiva.
520 1697 604 1760 Nam
616 1699 821 1782 grammatici
833 1699 856 1775 1)
871 1695 1004 1782 quidam
1018 1697 1245 1782 patronymica

127 1805 156 1858 et
168 1795 367 1881 possessiva,
391 1797 419 1860 si
433 1796 545 1862 eodem
559 1795 654 1860 modo
667 1798 817 1882 genetivo
829 1819 906 1862 casu
922 1793 1122 1861 solverentur
1144 1794 1244 1860 idem-

127 1915 185 1980 que
209 1894 432 1978 significa'rent
453 1905 489 1960 ut
510 1886 679 1978 Πηλείδης
700 1903 732 1959 et
748 1890 909 1981 Νηλήιος,
931 1896 1015 1959 inter
1038 1915 1072 1958 se
1094 1915 1158 1958 non
1181 1893 1244 1958 dis-

126 1993 303 2078 tinguenda
328 2016 398 2058 esse
421 2003 621 2060 censuerunt.
663 1993 856 2059 Rectissime
878 2003 1001 2074 autem,
1023 1989 1111 2079 quod
1132 1991 1245 2057 discri-

127 2113 197 2155 men
221 2093 264 2155 sit
285 2095 370 2156 inter
384 2094 646 2179 patronymicum
670 2101 702 2157 et
723 2096 944 2181 possessivum
958 2093 993 2156 in
1011 2089 1117 2155 Bekk.
1132 2090 1244 2158 anecd.

128 2197 199 2272 852,
235 2192 315 2284 14²).
344 2192 516 2256 definitur:
551 2194 812 2279 patronymicum
843 2193 986 2258 derivari
1017 2179 1111 2268 ,,ἆιυὸ
1142 2183 1244 2269 μόνου

128 2283 257 2370 κυρίου,
288 2287 326 2355 τὸ
355 2286 392 2354 δὲ
414 2289 591 2377 (κυηιικὸν)
613 2289 670 2355 καὶ
692 2283 758 2356 ἀπὸ
780 2291 1063 2378 προςηγορικοῦίί,
1098 2299 1129 2353 et
1148 2290 1244 2376 paulo

127 2399 212 2476 post:
242 2385 307 2465 „vd
330 2387 585 2472 πανρωνυμικὸν
607 2381 644 2454 οὗ
669 2390 776 2456 δεῖται
802 2395 859 2455 τοῦ
891 2383 1155 2471 ὑπακουομένου,
1169 2389 1193 2468 ³)
1216 2384 1246 2452 οἱ

126 2484 168 2574 μὴ
190 2482 307 2565 οκᾶζιι
329 2485 405 2570 περὶ
426 2486 464 2551 τὸ
487 2484 591 2571 γένος,
617 2475 690 2554 οἷον

476 2583 668 2675 Πριαμίδην
689 2585 796 2656 νόθον
817 2582 898 2666 υἱόν,

127 2681 180 2749 καὶ
192 2679 448 2767 reciperandique
461 2682 566 2768 μόνον
578 2686 616 2752 τὸ
630 2682 702 2766 υἱὸς
712 2682 732 2776 ἢ
744 2683 887 2772 ἔγγονος
908 2684 947 2751 τὸ
961 2683 998 2751 δὲ
1012 2683 1163 2773 κιηιικόν
1177 2685 1245 2750 δοῖ-

127 2805 189 2861 ιοι,
215 2782 274 2849 καὶ
295 2777 354 2862 οὐχ
375 2779 449 2862 ἑνὸς
469 2781 572 2868 μόνον
593 2785 650 2852 καὶ
672 2782 742 2864 δύο,
764 2781 853 2851 ἀλλὰ
876 2784 932 2852 καὶ
954 2783 1154 2852 πλοιόνυιν.“
1185 2787 1246 2852 Est

128 2885 222 2969 igitur
244 2887 505 2972 patronymicum
526 2887 571 2952 nil
586 2889 649 2952 nisi
666 2890 791 2975 species
804 2888 963 2974 quaedam
975 2889 1244 2975 possessivorum.

206 2987 236 3064 θ.
249 2991 277 3050 9.
307 2984 357 3049 Ac
379 3009 414 3050 re
425 2987 548 3051 ver-ain
559 2987 707 3052 omuibus
719 2988 838 3074 linguis
845 2986 1120 3073 indegermanicis
1136 2997 1244 3072 patro·

128 3085 266 3170 nymica‚
289 3085 352 3148 nisi
375 3108 458 3173 quae
480 3087 630 3172 genetivo
643 3089 668 3166 4)
690 3109 769 3152 casu
785 3088 926 3152 formata
948 3096 1004 3150 aut
1020 3109 1061 3150 cx
1075 3083 1245 3166 vocabulo,

193 3335 218 3400 1)
236 3331 326 3388 Bekk.
340 3331 436 3388 anecd.
452 3335 546 3397 8529:
567 3337 711 3404 ,Λέγουσι
729 3334 764 3388 δέ
782 3353 856 3396 τινες
869 3332 923 3400 ὅτι,
936 3335 962 3389 εἰ
976 3333 1007 3388 τὸ
1023 3331 1245 3406 πατρωνυμικόν

129 3419 172 3470 καὶ
184 3417 215 3472 τὸ
228 3416 361 3485 νοητικὸν
378 3423 474 3490 γενικῇ
494 3417 683 3473 συντάσσεται
701 3419 748 3470 καὶ
765 3415 899 3489 ὀμόσημοὶ
918 3419 973 3472 εἰσι
987 3449 1019 3459 -
1032 3414 1174 3484 Πηλείδης
1191 3415 1246 3485 γὰρ

130 3503 172 3554 καὶ
184 3501 307 3568 Πηλὴιος
325 3500 340 3555 ὁ
359 3506 409 3556 τοῦ
427 3505 543 3570 Πηλέως
563 3533 592 3541 -
614 3503 749 3574 περιττὸν
761 3502 792 3555 τὸ
809 3501 919 3574 γράψαι
936 3504 1002 3572 περὶ
1019 3499 1176 3568 ιιιητικοῦ.“

193 3587 219 3654 2)
237 3585 344 3639 Eadem
360 3583 418 3640 fere
436 3602 597 3658 quanquam
615 3584 703 3640 frisius
721 3586 838 3656 praebet
854 3586 1013 3640 Priscianus
1031 3584 1069 3653 11,
1088 3587 1111 3652 8,
1131 3587 1173 3638 40.

193 3671 219 3737 3)
239 3667 294 3725 ee.
318 3669 439 3724 Cramer.
465 3671 561 3724 anecd.
585 3668 673 3725 Oxou.
695 3669 725 3737 Ι,
749 3688 776 3739 p.
800 3673 823 3724 7.
841 3700 874 3708 -
891 3669 923 3724 Ε.
943 3669 979 3724 Μ.
1004 3687 1025 3722 s.
1044 3667 1192 3740 Ἀτρείδης.
1215 3697 1245 3706 -

130 3751 253 3808 cusam
274 3757 332 3821 858,
350 3757 362 3806 l
383 3767 439 3822 seq.

193 3841 220 3906 4)
237 3837 271 3890 In
288 3835 448 3908 germanica
467 3835 564 3907 lingua
584 3854 640 3891 non
660 3853 751 3907 pauca
768 3841 877 3890 exstant
894 3834 1007 3890 nomina
1028 3833 1145 3906 gentilia
1167 3851 1246 3906 ege·

129 3919 218 3974 activo
231 3937 299 3974 casu
314 3919 398 3989 facta,
418 3919 446 3973 in
464 3921 566 3990 quibus
577 3922 666 3990 primo
679 3919 871 3994 patronymica
883 3919 924 3971 vis
937 3919 1035 3988 inerat,
1053 3923 1085 3972 ut
1101 3919 1245 3988 Histricis,

130 4003 239 4073 Adodt'a,
259 4005 394 4073 Willoens‚
412 4009 440 4058 et
457 4021 489 4058 ex
510 4003 598 4058 latina
615 4005 737 4075 genetivi
755 4004 844 4059 forma
860 4009 891 4056 ut
910 4001 1025 4070 Alcesti,
1040 4001 1186 4056 Matthiae.
1222 4001 1258 4082 E·

130 4087 255 4156 genetivo
268 4087 339 4160 plur.
354 4105 427 4144 num.
445 4088 475 4144 in
491 4087 584 4144 frisica
599 4089 696 4160 lingua
712 4089 865 4144 factasunt
878 4087 1001 4154 Abdara,
1021 4085 1157 4140 circaeam.
1177 4083 1244 4154 (Gfr.
