3034 4964
624 479 664 546 57

90 652 199 745 ὄροιτο
236 663 296 728 Th.
320 669 397 749 310,
434 685 517 750 quae
537 659 632 751 apud
647 655 825 729 Homerum
858 663 1002 752 aliosque
1032 671 1146 751 politas
1168 665 1202 729 in

88 783 145 826 usu
164 770 262 830 sunt'

617 1019 694 1080 ,20.

87 1125 145 1190 De
177 1127 254 1211 eis,
275 1150 393 1215 ⁴quae
426 1153 472 1196 ex
503 1135 550 1213 ἐξ
581 1017 936 1198 οξ11000110111111
966 1124 1201 1213 colligenda

597 1232 685 1298 sint.

145 1357 187 1437 A)
209 1357 321 1424 Rebus
343 1356 540 1444 quibusdam
555 1361 789 1448 insignioribus
812 1361 969 1426 dialectus
985 1361 1202 1446 elegiacorum

87 1458 228 1522 omnium
250 1459 360 1524 differt
381 1459 422 1524 ab
448 1460 632 1527 Homerica.
719 1481 722 1486 '
979 1489 982 1496 ’

144 1558 293 1634 Primum
315 1561 401 1623 enim
424 1569 514 1643 sunt,
547 1583 630 1647 quae
658 1560 748 1648 apud
775 1561 935 1647 elegiacos
966 1569 1081 1648 poetas
1103 1557 1202 1624 multo

87 1658 190 1722 rarius
229 1677 327 1744 quam
359 1659 448 1746 apud
474 1661 655 1726 Homerum
690 1663 906 1726 inveniantur.
948 1661 1023 1725 Huc
1055 1667 1203 1746 spectant

88 1756 294 1842 digammatis
317 1759 437 1824 abiecti
457 1763 612 1847 vestigia,
643 1761 824 1848 complures
847 1761 1047 1848 pronominis
1068 1760 1201 1841 formae,

86 1854 175 1921 verbi
193 1859 438 1924 terminationes
460 1861 541 1936 σθα,
567 1877 611 1938 σι,
635 1863 759 1942 precio,
783 1861 915 1926 suffixa:
936 1863 1009 1943 θεν,
1030 1858 1116 1944 quod
1131 1867 1201 1922 tan·

86 1964 150 2020 tum
171 1956 223 2025 bis
245 1957 379 2023 obvium
402 1968 465 2028 eut:
498 1959 590 2048 Tyrt.
614 1969 642 2042 4,
665 1968 679 2026 1
704 1962 739 2024 in
761 1954 976 2024 Πυθωνόθεν
1003 1967 1035 2022 01
1055 1956 1200 2042 Theogn.

90 2061 142 2121 197
163 2057 199 2120 in
215 2051 356 2141 Διόθεν,
378 2081 480 2146 aeque
503 2057 550 2136 de,
576 2059 661 2148 quod
676 2060 711 2123 in
728 2050 947 2140 Oiilvmtoode
962 2057 1106 2142 Theogn.
1122 2061 1202 2124 1136

88 2165 116 2217 01
137 2147 270 2220 olitoria:
304 2157 368 2224 Sol.
393 2166 446 2240 13,
477 2167 533 2243 44;
566 2168 599 2242 4,
615 2165 675 2239 273
710 2159 803 2244 Tyrt.
826 2164 859 2240 4,
889 2166 922 2239 1,
954 2157 1051 2221 Arch.
1074 2177 1123 2244 ep.
1146 2160 1203 2237 983

88 2253 229 2340 Theogn.
243 2262 313 2324 334.
332 2264 401 2327 476.
417 2263 485 2326 844.
504 2263 582 2325 1229
604 2259 753 2342 occurrit,
776 2279 816 2344 φι
838 2257 923 2342 quod
944 2278 1105 2344 nusquam
1127 2277 1200 2320 con·

89 2355 307 2444 spiciturnisi
328 2357 472 2444 Theogn.
498 2363 553 2424 111
576 2359 610 2422 11
633 2351 780 2445 θύρηφι,
807 2356 864 2422 ubi
883 2357 1016 2425 locativi
1036 2357 1108 2420 vice·
1130 2355 1199 2422 iun·

87 2454 179 2538 gitur.
502 2473 505 2478 ·

143 2555 275 2620 Deinde
313 2555 449 2642 elegiaci
486 2555 657 2622 nonnullas
691 2555 902 2624 formationes
938 2575 1072 2642 prorsus
1112 2552 1201 2618 dese

88 2663 232 2719 ruerunt:
264 2657 479 2744 antiquiorem
498 2658 760 2722 terminationem
780 2679 819 2738 μι
841 2658 967 2742 primae
988 2665 1038 2742 ps'.
1058 2677 1105 2740 eg.
1128 2675 1201 2718 con-

86 2753 221 2819 iunctivi
252 2756 350 2819 activi
378 2757 614 2843 coniugationis
642 2758 676 2820 in
697 2770 723 2819 ω
752 2757 920 2838 0110111111
953 2753 1091 2835 formas,
1120 2772 1202 2838 quae

86 2852 180 2940 vulgo
202 2873 269 2918 non
284 2863 360 2940 apto
375 2857 503 2921 nomine
520 2857 696 2922 distractae
713 2855 864 2920 dicuntur
885 2854 1094 2932 (coniunctivi
1108 2872 1202 2939 prae·
1255 2887 1257 2890 ·

87 2954 182 3023 sentis
218 2963 250 3018 et
282 2956 396 3019 aoristi
426 2957 576 3042 primarii
609 2956 784 3022 verborum
815 2957 850 3019 in
871 2975 911 3034 μι
941 2962 973 3018 01
1005 2951 1203 3018 coniunctivi

90 3054 197 3118 aoristi
216 3055 351 3141 passivi,
375 3077 414 3118 ac
430 3055 606 3123 verborum
626 3059 811 3143 purorum);
832 3062 977 3120 vetustos
1000 3053 1113 3118 coristi
1134 3053 1200 3138 pri-

88 3155 179 3218 marii
199 3153 380 3218 infinitivos
397 3155 431 3218 11
447 3174 499 3217 aar
512 3167 685 3231 exeuntes3
707 3155 860 3222 suffixum
875 3155 917 3216 θι
938 3152 1024 3240 quod
1038 3153 1204 3218 nominum

90 3252 244 3340 stirpibus
266 3251 413 3317 additum
430 3275 564 3320 casuum
584 3256 745 3321 vicarium
767 3263 823 3318 est.
1175 3249 1180 3257 ’

146 3353 300 3440 Denique
321 3352 484 3418 interdum
506 3375 548 3419 ex
568 3355 678 3442 patria
700 3352 839 3419 dialecto
855 3348 1047 3417 hauserunt:
1072 3351 1120 3416 110
1134 3371 1203 3415 sae·
1237 3385 1243 3392 ·

89 3451 160 3536 pius
174 3450 343 3517 'adhibent
372 3444 480 3518 crasin
510 3455 597 3518 etin
619 3453 755 3520 vocibus
779 3452 974 3542 quibusdam
1001 3475 1062 3540 pro
1083 3473 1113 3515 ει
1135 3451 1201 3538 ple‘·

89 3551 174 3616 11010
197 3547 353 3617 edicunt.

147 3650 339 3716 Praeterea:

149 3756 180 3829 a)
202 3749 339 3835 elegiaci
361 3749 493 3815 lonicae
509 3753 615 3836 gentis
639 3772 700 3840 pro
718 3770 861 3818 consona
873 3769 910 3832 a,
933 3771 1031 3839 quam
1041 3749 1204 3815 Homerus

91 3845 202 3933 habet,
237 3851 271 3913 in
299 3849 545 3936 pronominibus
577 3860 609 3916 et
632 3850 803 3917 adverbiis
840 3851 1083 3936 interrogativis
1117 3849 1204 3914 anti·-

92 3951 230 4033 quiorem
252 3972 272 4012 κ
294 3971 336 4014 ex
357 3949 441 4014 Iade
454 3952 633 4016 recentiore
654 3954 864 4016 retinuerunt.

149 4047 269 4114 Mirum
288 4049 429 4132 ridetur,
455 4050 542 4134 quod
562 4051 756 4138 Pbocylitles
778 4056 808 4133 3,
833 4057 845 4114 1
872 4047 951 4113 dicit
971 4048 1093 4114 Dorico
1116 4068 1205 4114 more

92 4143 228 4231 τετόρων
250 4140 444 4216 deterioria
467 4144 598 4233 γένοντο
614 4149 626 4235 ΙΙ
643 4147 733 4238 φῦλα
755 4150 934 4233 mestraim
957 4166 1032 4214 nam
1055 4147 1204 4233 debebat,
