3070 4962
761 380 966 470 ΔΜ
1053 337 1058 344 .

306 566 400 640 tetur,
424 580 443 621 a
464 557 698 624 recentioribus
720 567 915 644 nostraeque
936 560 1054 623 aetatis
1073 562 1295 644 grammaticis
1310 559 1426 626 decan-

308 665 411 722 tatum
432 657 610 723 inveniunt
655 657 736 722 Tale
748 657 828 743 quid
842 680 862 722 a
876 657 1041 722 veteribus
1051 659 1322 743 grammaticis‘et
1333 683 1427 746 prae·

186 815 191 824 .
308 757 373 842 cipi
395 764 428 819 et
448 777 513 822 non
534 756 638 822 refelli
658 758 804 844 potuisse
825 779 891 822 non
914 759 1032 821 mirum
1054 767 1221 843 astatque
1242 759 1427 826 condonari·
1530 759 1531 780 ³

309 855 395 939 dum,
417 877 514 940 quum
535 857 625 920 utin
647 859 766 922 ceteris
789 855 1041 942 disciplinis-sic
1063 858 1096 920 in
1113 857 1175 923 hae
1198 867 1293 944 parte
1313 881 1427 924 veram

308 957 467 1020 rationem
487 954 605 1020 multas
626 956 802 1042 variasque
823 955 865 1021 ob
895 978 1010 1020 causas
1042 955 1084 1020 ab
1113 957 1154 1021 iis
1185 960 1330 1045 perspici
1362 981 1428 1022 non

309 1056 454 1142 potuisse
475 1055 682 1120 manifestum
701 1058 750 1120 sit.
795 1054 936 1142 Aegrius
959 1064 1066 1120 autem
1077 1055 1245 1122 ferendum
1261 1066 1318 1140 est,
1340 1057 1429 1142 quod

309 1177 350 1218 ex
372 1154 571 1221 nostratibus
602 1178 662 1219 nec
692 1154 862 1220 defuerunt
894 1176 954 1218 nec
984 1153 1101 1220 desunt
1128 1158 1198 1244 qui,
1229 1158 1428 1244 nescioquo
1531 1205 1532 1244 t

310 1254 416 1320 studio
438 1257 516 1320 moti
536 1263 568 1319 et
578 1255 751 1338 occaecati,
774 1276 855 1320 vera
871 1255 996 1320 ratione
1007 1264 1119 1342 spreta
1133 1256 1176 1322 ad
1194 1279 1313 1320 vanam
1328 1255 1429 1344 plane
1531 1289 1532 1294 κ

310 1364 342 1419 et
359 1341 536 1419 absurdam
551 1355 754 1440 confugiunt3
775 1354 874 1441 idque
888 1355 1030 1420 maxime
1042 1357 1169 1420 mireris
1183 1357 1217 1420 in
1231 1355 1429 1422 Buttmannc

310 1455 380 1518 viro
402 1455 430 1517 si
451 1455 556 1518 minus
580 1453 619 1518 de
643 1454 740 1519 rebus
763 1453 1002 1540 etymologicis,
1029 1452 1085 1518 ubi
1107 1463 1141 1520 ut
1160 1454 1347 1520 Lobeckius
1370 1455 1429 1520 ali-

311 1575 374 1641 quo
396 1552 467 1618 loco
484 1553 613 1640 judicat
625 1547 753 1640 ψεύδεα
769 1549 881 1615 πολλὰ
905 1547 1011 1635 λέγειν
1027 1551 1139 1618 solitus
1152 1563 1210 1637 est,
1233 1565 1266 1618 at
1285 1555 1431 1620 omnium

311 1675 470 1719 consensu
496 1653 617 1738 optime
646 1654 761 1726 merito
794 1651 836 1718 de
870 1652 968 1718 rebus
995 1655 1225 1738 grammaticis.
1268 1654 1300 1718 Is
1332 1655 1448 1735 enim„
1532 1665 1533 1704 ³

310 1761 483 1840 postquam
506 1750 663 1828 (Gramm
681 1753 742 1818 ²11.
756 1777 788 1840 p.,
800 1759 869 1834 334,
883 1758 913 1828 4)
935 1755 1116 1818 rectissime
1138 1753 1246 1818 docuit
1259 1773 1324 1828 -ως
1344 1752 1429 1834 illud
1532 1771 1533 1832 l

311 1853 382 1939 jure
413 1873 472 1938 pro
505 1853 730 1918 terminatione
763 1852 903 1938 quadam
939 1851 981 1915 ad
1010 1852 1206 1940 adjectivum
1232 1852 1430 1917 flectendum

311 1951 493 2038 pertinente
515 1949 628 2016 haberi
651 1975 757 2038 posse,
781 1953 889 2016 statim
916 1951 1003 2016 veris
1031 1951 1114 2016 falsa
1140 1952 1298 2017 admiscet
1322 1951 1430 2038 legem

311 2051 409 2116 istam
434 2037 602 2137 proferens
624 2073 664 2116 ac
686 2053 843 2116 sanciens.
888 2049 983 2132 Quae
1003 2073 1100 2134 quam
1130 2051 1249 2118 vitiosa
1269 2054 1327 2135 sit,
1355 2075 1431 2118 curn
1533 2083 1534 2114 t

307 2155 378 2240 jam
401 2151 457 2216 alii
479 2150 747 2235 demonstrarint,
777 2173 841 2216 non
868 2171 949 2236 opus
977 2160 1026 2214 est
1054 2150 1163 2214 multis
1190 2151 1244 2216 bic
1273 2161 1433 2238 repetere.

213 2236 226 2262 ⁸
312 2251 400 2317 Satis
422 2249 580 2316 habemus
601 2271 872 2317 commemorasse
890 2247 979 2314 nullo
991 2271 1133 2338 unquam
1144 2249 1239 2316 modo
1250 2251 1322 2316 fieri
1332 2273 1432 2338 posse

311 2361 348 2416 ut
359 2373 424 2425 -ως
445 2349 525 2415 illud
546 2371 634 2414 nunc
655 2350 697 2414 ab
719 2349 781 2415 hoc
801 2369 887 2413 nunc
908 2347 949 2413 ab
980 2347 1034 2414 illc
1057 2345 1211 2438 adjectivi
1234 2371 1312 2416 casu
1333 2351 1432 2438 profi-

310 2452 465 2536 ciscatur„

366 2571 369 2578 ·
393 2548 459 2613 Sed
480 2548 651 2614 audiamus
673 2549 834 2612 rationem
855 2567 968 2612 veram
991 2569 1012 2611 a
1032 2548 1115 2612 viris
1136 2547 1332 2615 doctissimis
1354 2559 1432 2637 p'ro·

309 2651 451 2737 positam
472 2648 645 2734 multisque
660 2650 731 2736 jam
754 2645 937 2734 probatam.
981 2646 1098 2712 Ortum
1120 2649 1220 2734 igitur
1242 2661 1291 2714 est
1305 2671 1366 2725 -ως
1385 2671 1430 2714 ex

309 2771 369 2812 -ror
390 2748 503 2814 eodem
530 2748 626 2814 modo
655 2771 718 2832 quo
742 2740 841 2827 κέρας
866 2769 907 2810 ex
936 2746 1061 2827 *κερατ
1082 2748 1135 2825 (cf.
1157 2771 1230 2836 gen.
1250 2745 1431 2832 κέρατ-ος),

308 2844 406 2932 τέρας
427 2871 469 2912 ex
491 2848 612 2929 *τερατ
641 2847 693 2926 (cf.
721 2869 792 2934 gen.
813 2841 995 2929 τέρατ-ος),
1025 2838 1116 2922 εἶδός
1143 2869 1184 2912 ex
1210 2841 1350 2913 *stator
1378 2851 1431 2927 (cl.

309 2971 381 3034 gen.
405 2939 564 3022 aiddu-out
586 2947 658 3034 lege
676 2946 734 3012 illa
754 2947 788 3010 in
802 2945 915 3032 lingua
926 2945 1056 3011 Graeca
1069 2948 1209 3033 vigente,
1232 2971 1307 3036 qua,
1330 2968 1431 3036 quum

310 3049 445 3113 vetitum
470 3049 512 3112 sit
532 3045 631 3111 ullum
661 3046 854 3113 vocabulum
876 3069 953 3112 vere
976 3045 1139 3111 Graecum
1169 3069 1311 3116 consona
1339 3059 1432 3114 muta

312 3146 469 3230 concludi,
493 3147 603 3212 littera
622 3169 642 3210 a
664 3159 720 3212 aut
740 3147 775 3210 in
796 3145 982 3222 §mutanda
1004 3155 1061 3211 aut
1074 3145 1246 3212 abicienda
1260 3156 1316 3212 est.
1362 3147 1431 3236 Op·

309 3249 387 3312 time
410 3255 517 3311 autem
539 3246 716 3332 respondet
738 3267 803 3321 -ως
823 3245 905 3311 illud
927 3247 995 3311 sive
1016 3267 1080 3309 -ωτ
1102 3247 1219 3312 suffixo
1242 3255 1433 3310 t=at=ut

311 3347 363 3423 (cf.
388 3345 589 3428 Schleichcr,
613 3345 790 3432 Compend.
818 3346 865 3426 ²5.
887 3349 977 3427 251),
1005 3366 1069 3431 quo
1091 3355 1123 3410 et
1143 3348 1177 3411 in
1198 3347 1310 3433 lingua
1332 3346 1430 3412 Sans-

311 3447 393 3510 crita
406 3444 569 3510 ablativus
580 3447 614 3509 in
626 3445 763 3510 vocibus
775 3442 884 3509 vocali
907 3467 927 3505 a
947 3447 1129 3511 terminatis
1146 3456 1244 3532 atque
1257 3449 1292 3512 in
1304 3461 1430 3533 'prono-

310 3544 450 3610 minibus
464 3545 644 3630 agenetivo
667 3543 877 3628 distinguitur
898 3552 930 3606 et
949 3543 983 3606 in
996 3543 1108 3630 lingua
1119 3546 1264 3611 chdica
1279 3549 1431 3612 'omnium

310 3646 476 3711 nominum
496 3643 658 3710 ablativus
680 3644 847 3709 formatur.
895 3641 991 3708 Adde
1010 3643 1097 3732 quod
1117 3647 1151 3709 in
1173 3645 1293 3730 linguis
1305 3645 1431 3711 Italicis

312 3768 372 3831 pro
385 3746 474 3809 tenui
496 3755 507 3806 t
528 3745 668 3829 positam
683 3765 753 3808 esse
774 3742 922 3808 videmus
944 3741 1085 3808 mediam
1107 3750 1136 3828 d,
1158 3765 1250 3829 quac,
1274 3767 1374 3832 quum
1387 3747 1431 3832 'in

312 3865 460 3908 sermone
484 3842 570 3908 Osco
593 3863 720 3928 semper
741 3844 933 3925 servatasit,
955 3843 989 3907 in
1001 3842 1157 3910 Umbrica
1173 3842 1271 3931 plane
1285 3845 1429 3926 evanuit,

310 3945 345 4008 in
366 3943 486 4026 Latino
509 3952 615 4008 autem
638 3943 871 4029 antiquissimis
900 3942 1100 4030 temporibus
1128 3946 1256 4029 integra
1283 3943 1430 4029 vigebat,

311 4042 347 4108 id
369 4041 456 4131 quod
478 4063 520 4108 ex
541 4041 709 4108 columnae
729 4051 892 4110 rostratae
919 4044 1132 4131 inscriptione
1160 4052 1192 4110 et
1219 4051 1429 4110 senatuscon-
