3070 4962
886 469 925 531 82

344 647 517 712 ctissimam
529 684 571 694 -
582 669 635 711 me
648 647 830 735 suscepisse
844 667 980 734 operam
989 645 1140 730 arbitror,
1163 667 1260 730 quum
1270 667 1312 710 ex
1328 643 1458 710 elencho

304 809 306 814 .
344 745 399 811 illo
423 741 543 832 optime
570 745 715 832 intellegi
741 749 856 833 possit,
885 754 918 810 et
945 753 1066 830 quanta
1091 746 1171 808 insit
1195 745 1229 807 in
1259 743 1459 810 Graecorum

288 885 290 889 -
342 843 456 930 lingua
477 844 618 910 facilitas
638 843 797 910 adverbia
818 848 882 909 ista
903 845 1029 909 ratione
1042 843 1186 929 fingendi
1208 853 1249 927 et,
1270 842 1305 907 id
1317 844 1407 931 quod
1421 867 1460 908 ex

345 945 632 1030 grammaticorum
654 945 778 1010 artibus
801 966 918 1031 parum
940 945 1152 1030 perspicitur,
1180 965 1263 1030 quae
1291 941 1459 1030 qualisque

344 1044 386 1107 sit
407 1041 606 1128 singulorum
635 1045 881 1131 participiorum
910 1043 971 1107 hac
997 1045 1031 1106 in
1064 1065 1100 1106 re
1127 1041 1321 1106 fecunditas.
1365 1041 1460 1106 Adde

344 1141 430 1230 quod
449 1145 483 1206 in
504 1165 540 1208 eo
562 1165 627 1208 non
648 1145 695 1208 ita
715 1165 822 1230 pauca
848 1143 994 1208 invenies
1024 1163 1107 1229 quae
1133 1144 1167 1205 in
1192 1140 1308 1206 lexicis
1338 1141 1461 1207 frustra

299 1255 304 1284 ¹
343 1243 553 1327 quaesiveris.

889 1408 914 1474 1.

398 1623 399 1627 ,
420 1590 597 1638 ADVERBIA
618 1589 641 1636 A
662 1589 861 1651 PARTICIPIO
884 1588 1094 1638 PRAESENTIS
1116 1586 1233 1638 AO'HVI
1253 1590 1382 1640 DUGTA.

749 1737 996 1809 )averb1s1n
1022 1757 1067 1796 -ω

425 1867 689 1954 παραπαιόντως
705 1859 914 1956 όναπωντως
927 1863 1147 1955 ἀποχρωντως
1160 1865 1461 1957 ὑπεραποχρώντως

322 1965 599 2058 Ἰὑπεροργιόντως
631 1964 834 2056 ἀγνοούντως
860 1963 1106 2054 ἆναλομοόντως
1141 1963 1328 2054 ἀρκούντως
1348 1964 1459 2055 ἀπαρ-

344 2065 489 2148 κοόντως
510 2065 775 2156 ἐξαρκούντως
759 2064 990 2154 επαρκοόντως
1017 2063 1157 2145 δεόντως
1184 2065 1460 2152 ἒνδεόντωςθαρ-

343 2166 551 2255 ρ(ρσ)οόντως
561 2165 803 2258 καρτερούντως
817 2165 1460 2258 λυσιτελούντωςσοντελοόντωςσνμφω-

345 2266 485 2347 νοόντως
496 2265 923 2356 φρονούντωςπληραόντως
937 2264 1136 2352 στιλβόντως
1147 2263 1372 2345 ἐλλειπόντως
1384 2291 1459 2351 πρε·

344 2364 474 2445 πόντιος
502 2364 735 2451 ἕκπρεπόντως
774 2363 1035 2449 σαμπρεπόντως
1070 2363 1239 2456 νηφόντως
1270 2363 1457 2453 ὑπεραγόν·

343 2491 409 2544 τως
444 2460 677 2543 ἀνθελκόντως
710 2461 966 2550 παρελκόντως
976 2464 1194 2559 καθηκόντως
1225 2463 1459 2554 προσηκόντως

344 2562 624 2652 προοπαρχόντως
652 2560 923 2652 παρατρεχόντως
958 2563 1112 2685 ἐχόντως
1132 2571 1211 2632 νοῦν
1245 2562 1461 2647 νοονεχόντως

343 2661 481 2750 λόγον’
465 2664 602 2746 εχόντως
622 2661 862 2750 λομονεχόντως
881 2659 1112 2749 προοεχόντως
1125 2660 1348 2750 ὑπεροχόντως
1369 2688 1460 2731 συνε-

341 2760 465 2844 χόντως
500 2758 700 2854 απᾳὸόντως
733 2758 938 2868 σρνριδόντως
967 2761 1176 2842 σπευδόντως
1212 2759 1461 2848 ἀπαρτιζόντως

327 2859 594 2950 ἁρμοζόντως(
575 2861 801 2947 αρμοττόντως
821 2861 1109 2950 συναρμοττόντως
1128 2861 1461 2954 ἑπαμφοτεριζόντως

343 2958 539 3044 ἰδιαζόντως
551 2958 891 3043 κατασπονόαζόντως
903 2958 1178 3044 πλεοναζόντως’
1161 2960 1366 3053 οᾳτειλόντως
1382 2965 1460 3030 όντ-

340 3059 556 3149 χεραινόντως
576 3059 854 3150 ὑπερβαλλόντως
876 3059 1103 3150 διαφερόντως
1129 3059 1460 3153 σομφερόντωςαρε-

341 3161 484 3242 σκόντως
504 3160 748 3244 λανθανόντως.

704 3407 706 3412 Ι
736 3331 764 3398 β)
786 3347 804 3385 a
820 3328 937 3384 verbis
955 3331 989 3384 in
1008 3351 1061 3404 -μι,

439 3441 551 3526 όντως,
575 3419 638 3516 ion.
662 3443 797 3532 ἐόντως;
818 3441 1004 3531 ὑπερόντως
1024 3449 1140 3516 Plotin.
1162 3473 1192 3536 p.
1215 3449 1276 3516 749
1296 3450 1334 3518 E.

874 3615 916 3680 Π.

340 3766 514 3814 ΛανεαΒτΑ
536 3765 766 3813 APARTIOIPIO
781 3765 992 3814 astusastus
1010 3765 1143 3814 cAss1v1
1156 3754 1308 3827 (napos.)
1329 3764 1457 3814 aucus.

749 3882 776 3945 α)
795 3895 813 3933 a
829 3879 943 3934 verbis
960 3880 993 3933 in
1016 3899 1058 3934 -ιο,
1081 3913 1085 3928 ·
1169 3899 1179 3918 ·

421 4008 684 4097 περισπωμένως
704 4008 1035 4099 προπερισπωμόνως
1048 4008 1303 4102 1ἐπαινουμένως
1323 4005 1458 4078 εὐδοκι-

337 4108 510 4192 μοομένως
529 4107 730 4196 λκνανμένως
752 4107 1027 4197 ὁμολογουμένως
1052 4109 1453 4199 ἐξομολογουμένωςςσνν-
