3088 4966
856 475 917 536 264

376 653 451 718 Ant.
473 659 547 721 380:
570 649 628 716 καί
649 647 807 738 δυστήνου
830 650 958 738 πατρὸς
982 644 1207 734 οίδιπόὸα;

338 754 521 838 genetivum
545 751 642 838 plane
658 751 815 818 Doricum
838 762 871 818 ct
892 777 912 819 a
934 751 1153 818 diterbiorum
1175 761 1295 816 natura
1315 775 1448 838 prorsus

336 845 498 915 alienum?
540 851 611 916 Has
635 853 732 935 igitur
764 853 791 916 si
813 853 1000 940 anapaestis
1022 853 1205 916 necessario
1235 851 1447 936 relinquimus

337 973 407 1014 cum
431 951 565 1014 canticis
588 949 822 1033 similitudines,
845 943 923 1038 quid
944 951 1115 1016 reiciamus
1136 949 1297 1026 ceteras?¹
1312 949 1450 1014 Accedit

337 1047 422 1135 quod
450 1058 538 1114 certe
566 1049 724 1136 quaedam
752 1051 929 1114 formarum
959 1049 1154 1115 Doricarum
1185 1072 1269 1136 quae
1297 1049 1450 1134 leguntur

245 1139 247 1142 ¹
336 1148 371 1210 in
393 1149 579 1233 anapaestis
601 1147 678 1213 licet
697 1172 819 1234 genera
841 1152 1047 1214 constituere:

418 1246 467 1309 Ac
495 1247 633 1331 primum
661 1249 957 1314 sententiarum
986 1249 1175 1334 gravitas
1202 1248 1371 1333 totiusque
1403 1270 1450 1311 co-

335 1344 413 1409 loris
444 1345 644 1410 sollemnitas
675 1370 772 1433 quam
803 1347 898 1413 facile
930 1347 1092 1412 adsciscat
1121 1369 1160 1410 ac
1181 1368 1286 1432 paene
1307 1347 1454 1432 postulet
1542 1379 1543 1382 ¹

336 1443 466 1508 vocales
482 1445 632 1526 Doricos,
655 1445 832 1510 luculenter
853 1447 1049 1532 perspicitur
1071 1468 1088 1510 e
1109 1445 1295 1510 Promethei
1316 1469 1348 1510 v.
1376 1453 1454 1527 115„
1542 1501 1543 1512 ,

335 1541 392 1606 ubi
405 1543 617 1608 Prometheus
638 1546 694 1631 qui
714 1546 793 1608 satis
809 1545 981 1632 tranquille
1003 1555 1098 1610 antea
1121 1546 1337 1610 miserrimam
1362 1569 1454 1610 suam
1542 1541 1543 1568 ³

336 1640 557 1706 condicionem
572 1656 764 1730 conquestus
780 1654 857 1721 erat,
875 1643 1096 1712 Oceanidibus
1112 1645 1455 1732 appropinquantibus

337 1739 443 1804 subito
466 1751 588 1806 mutato
609 1766 815 1808 numerorum
836 1765 955 1828 genere
976 1744 1057 1808 haec
1081 1742 1258 1808 exclamat:

457 1833 508 1915 τίς
529 1832 626 1918 ἀχώ,
650 1834 701 1916 τίς
722 1835 828 1922 ὀδμὰ
849 1837 1059 1926 προςέπτα
1078 1833 1117 1922 μ’
1142 1834 1296 1928 ἀφεγγής.

335 1962 403 2004 non
425 1941 526 2026 igitur
550 1943 665 2005 mirum
687 1941 832 2024 videtur,
863 1943 891 2006 si
920 1942 1069 2008 similiter
1091 1941 1216 2008 colores
1237 1943 1384 2010 Doricos
1409 1965 1453 2008 re-

339 2041 473 2126 quisivit
494 2041 649 2104 orationis
671 2042 818 2125 gravitas
840 2043 873 2105 in
895 2041 945 2106 his
964 2041 1059 2106 locis:

375 2137 438 2223 Ag.
464 2145 555 2212 1538:
578 2130 619 2202 ίώ
640 2140 687 2222 γᾶ
711 2141 760 2222 γᾶ
782 2131 849 2203 εἴθ’
874 2131 929 2220 ἔμ’
955 2136 1067 2219 ἐδέξω,

544 2233 622 2321 πρίν
639 2230 732 2301 τόνδ’
757 2233 885 2302 ἐπιδεῖν
907 2231 1140 2322 ἀργυροτοίχου

546 2335 712 2421 δροίτάς
732 2332 910 2415 κατέχοντα
929 2332 1144 2419 χαμείναν.

378 2435 430 2503 Ai.
452 2443 528 2504 234:
550 2427 701 2518 ὤμοι...
725 2436 888 2518 δοσμῶτιν
908 2429 998 2520 δίγων
1017 2429 1123 2524 ἤλυθε
1145 2430 1343 2517 ποίμναν.

378 2535 428 2600 ΕΙ.
450 2541 506 2602 90:
528 2530 670 2617 στέρνων
690 2533 855 2618 alayde
876 2530 1137 2618 αἱμασσομένων.
1186 2553 1189 2558 ·

379 2633 447 2698 OR.
472 2641 566 2702 1307:
588 2627 670 2718 αἰαῖ,
693 2627 773 2709 αἰαῖ,
800 2629 1009 2711 δύστανος
1030 2630 1105 2718 ἐγώ,
1209 2661 1210 2664 ’

545 2735 608 2796 ποῖ
628 2737 702 2816 γᾶς
722 2731 871 2822 φέρομαι
892 2729 1092 2815 τλάμονν,·
1115 2736 1172 2820 πᾷ
1191 2754 1252 2814 μοι

546 2831 722 2919 φθογγὰ
745 2830 946 2898 διαπέταται
971 2829 1140 2920 φοράδην,·

377 2929 453 2995 Ant.
481 2939 555 3000 110:
578 2921 615 3008 ὃς
637 2926 700 3020 ἐφ’
725 2927 866 3020 ἡμετέρα
888 2931 1219 3022 γᾷΠολυνείκοος..

545 3023 653 3109 αἰετὸς
671 3025 719 3108 εἷς
740 3035 810 3114 γᾶν
831 3027 1056 3114 ὑπερέπτα.

377 3127 453 3194 Ant.
475 3135 552 3196 822:
574 3135 735 3196 θνατῶν
754 3125 890 3197 Ἀΐδαν
910 3125 1090 3218 καταβήσῃ.

378 3229 433 3292 Tr.
455 3233 529 3295 997:
552 3219 579 3292 ul
600 3232 677 3294 Ζεῦ·
699 3229 775 3295 οἵαν
795 3223 834 3311 μ’
858 3223 909 3313 ἄρ’
926 3225 1010 3295 ἔθου
1033 3225 1185 3311 λώβαν,
1212 3228 1296 3296 οἵαν.

420 3327 505 3392 Tum
528 3339 602 3393 sunt
625 3330 790 3396 sollemnia
812 3331 971 3419 quaedam
994 3329 1184 3418 epitheta
1206 3352 1289 3414 quae
1314 3332 1452 3418 elyrica

337 3425 538 3491 Graecorum
560 3431 651 3514 poesi
673 3431 707 3493 in
725 3430 930 3516 tragoediam
948 3429 1108 3495 translata
1129 3451 1199 3493 esse
1218 3430 1412 3496 videantur:

377 3519 619 3602 noradinus
641 3529 725 3593 Solis
746 3553 863 3594 nomen
878 3531 917 3596 fr.
941 3529 1059 3594 Aesoh.
1081 3535 1157 3596 202:

310 3629 311 3634 ’
503 3617 548 3686 ἵν’
573 3619 591 3688 ό
614 3621 853 3706 παντόπτας
866 3623 988 3706 Ἥλιος
1005 3622 1070 3706 αἰεί
1089 3629 1094 3714 l
1111 3620 1210 3712 χρῶτ’
1227 3637 1281 3693 ott.

377 3718 606 3805 παγκοίτας
634 3725 708 3792 Ant.
731 3733 806 3796 804:
837 3725 895 3793 τὸν
924 3723 1154 3813 παγκοίταν
1185 3719 1248 3790 ὅθ)
1285 3719 1353 3808 ὁρῶ
1384 3721 1449 3789 dd·

336 3819 497 3902 λαμον...

247 3910 250 3916 ’
378 3915 609 4002 νικομοίχας
629 3924 667 3988 fr.
691 3925 790 4012 Sopho
814 3934 889 3995 765:
912 3923 997 4004 Ζεὺς
1018 3921 1136 3994 νόστον
1156 3919 1234 4008 ἄγοι
1254 3921 1314 3989 τὸν
1335 3948 1448 3988 νικο-

335 4012 474 4098 μοίχαν.
516 4023 672 4088 Fortasse
703 4025 815 4089 eodem
848 4031 989 4112 pertinet
1018 4019 1293 4106 petrocoricae
1311 4025 1375 4110 Ag.
1397 4033 1447 4090 45:

336 4113 453 4182 στόλον
471 4112 624 4204 Ἀργείων
642 4120 923 4201 χιλιοναύταν,
1542 4111 1543 4126 ’
