3056 4968
612 459 669 524 18³

83 659 233 703 sonarum
257 619 414 704 alterutra
439 637 632 720 interiisset,
662 659 726 704 non
752 637 961 720 mirabimur,
991 641 1019 704 si
1045 639 1191 725 syllabae

82 735 191 801 finales
212 736 344 802 brevem
366 737 512 804 vocalem
533 737 655 802 babere
675 736 876 819 videbimus,
899 759 1093 824 quamquam
1115 761 1188 804 con·

82 857 158 900 sona
179 836 284 900 macta
309 835 441 921 longam
465 859 650 902 mensuram
677 837 845 923 positionis
867 838 974 921 gratia
999 837 1095 903 facile
1116 839 1188 925 quis

81 931 258 1016 desideret,
288 937 481 1030 praesertim
508 959 581 1001 cum
601 936 758 1023 quasdam
778 935 1035 1017 terminationes,
1066 959 1149 1024 quae
1170 959 1190 1000 a

81 1034 240 1121 principio
262 1032 394 1120 longam
422 1023 567 1101 vocalem
589 1034 793 1118 habuissent,
822 1034 990 1121 paullatim
1013 1037 1107 1122 quasi
1127 1035 1189 1100 ele·

79 1140 169 1196 vates
193 1155 266 1199 esse
292 1135 532 1220 pronuntiando
560 1144 592 1200 et
620 1135 663 1199 ad
684 1133 876 1200 brevitatem
907 1135 1080 1221 depresses
1110 1136 1188 1200 satis

79 1241 209 1298 constet.

588 1399 616 1478 ἕ.
639 1403 688 1466 36.

63 1581 65 1588 .
138 1527 237 1609 Quod
256 1531 449 1596 factumest
469 1531 503 1595 in
519 1530 634 1595 suffixo
657 1544 710 1596 ter.
744 1531 782 1596 In
797 1532 857 1597 hoo
872 1555 886 1592 s
901 1530 1019 1613 littera,
1040 1533 1188 1618 primitus

79 1628 119 1692 ad
138 1631 377 1696 nominativum
399 1629 647 1714 significandum
670 1630 792 1714 addita,
815 1631 920 1694 effecit
941 1639 976 1694 ut
997 1630 1111 1696 rdtima
1125 1632 1188 1720 syl·

78 1727 151 1792 laba
172 1730 208 1794 in
229 1755 263 1792 rs
279 1731 507 1794 terminaretur
525 1735 567 1806 (v.
579 1752 605 1792 o.
620 1731 748 1812 *potera
770 1732 820 1794 oui
834 1729 1012 1815 respondet
1026 1729 1188 1796 Graecum

77 1827 246 1909 *aucspglr
281 1828 424 1894 secunda
457 1849 600 1894 consona
627 1828 745 1893 deinde
776 1828 904 1892 abiecta
936 1828 1034 1912 longa
1065 1829 1188 1894 vocalis

77 1934 189 1991 exorta
210 1935 260 1992 est
283 1925 354 2003 (Gr.
370 1921 481 2010 πατήρ
499 1928 571 1994 Lat.
582 1931 697 2008 pottr),
720 1949 817 2013 quarn
832 1928 1032 1990 retinuerunt
1053 1937 1188 2010 veteres,

76 2021 108 2089 id
129 2025 217 2111 quod
239 2025 378 2092 etribus
394 2025 532 2111 Vergilii
552 2025 633 2090 loeis
657 2025 807 2090 concludi
828 2035 943 2112 potest
975 2024 1058 2089 Sunt
1079 2035 1187 2090 autem

77 2119 171 2188 baec:

113 2220 193 2289 Aen
218 2224 259 2307 V,
282 2229 357 2290 521:
382 2227 544 2289 Ostentum
565 2237 715 2306 artemque
732 2237 825 2305 pater
846 2247 1004 2305 arcumque
1027 2234 1185 2286 sonantem.

134 2358 173 2368 -
197 2322 257 2406 XI,
280 2329 354 2391 469:
378 2325 540 2386 concilium
551 2328 614 2404 ipse
624 2331 713 2404 pater
725 2336 751 2386 ct
762 2347 870 2402 acapna
882 2326 1000 2402 incepta
1009 2325 1136 2384 Latinus
1145 2358 1172 2366 -

134 2457 175 2468 -
197 2421 275 2504 XII,
305 2428 356 2489 13:
380 2423 574 2504 Ooayrsdior.
593 2429 654 2486 Fer
666 2447 766 2501 sacra,
778 2433 879 2504 pater,
896 2433 924 2485 et
938 2425 1057 2502 concipe
1067 2426 1186 2499 foedae.

136 2521 266 2602 Quibus
287 2523 322 2586 in
342 2520 423 2586 locis
445 2545 465 2586 a
486 2521 631 2608 Vergilio
653 2524 791 2588 formam
818 2543 900 2608 quae
928 2529 1025 2586 antea
1045 2520 1186 2586 usitatis·

78 2620 156 2685 sima
177 2622 293 2685 l'nisset
304 2667 313 2702 ,
335 2622 518 2686 restitutam
546 2644 617 2686 esse
641 2621 806 2686 contendit
828 2625 1035 2684 Fleckeisenas
1062 2617 1185 2706 (philol.

81 2719 183 2786 anna.
202 2719 282 2784 LXI
306 2716 410 2805 [1851]
433 2744 463 2806 p.
488 2727 548 2800 aa).

137 2817 199 2884 Oui
225 2819 402 2884 sententiae
423 2819 604 2886 Oorssenus
633 2817 695 2904 (de
726 2821 897 2906 pronunt¹
924 2819 955 2901 I,
986 2841 1017 2904 p.
1042 2821 1101 2884 360
1121 2824 1186 2906 sq.)

77 2927 251 3004 propterea
271 2917 474 3000 adversatur,
497 2918 584 3006 quod
603 2920 638 2982 in
655 2918 759 2984 tribus
780 2917 844 2982 illis
865 2917 956 2999 locis,
981 2939 1059 3003 quos
1078 2917 1186 2998 citavi,

77 3035 139 3100 vox
156 3029 251 3097 pata
273 3018 307 3080 in
326 3039 462 3081 caesura
483 3018 590 3102 posita
613 3020 664 3100 sit,
687 3039 824 3082 caesura
839 3017 939 3101 igitur
954 3015 1039 3080 effici
1054 3015 1110 3079 ult
1088 3025 1186 3080 trmae

78 3095 222 3199 syllabae
244 3114 504 3202 productionem
536 3125 706 3202 praeterea
733 3125 840 3180 antem
870 3121 1019 3179 constare
1041 3113 1185 3201 syllabas

77 3210 188 3280 finales
209 3213 365 3280 Romanis
386 3214 549 3301 placuisse
570 3213 696 3297 breves,
719 3213 855 3280 Graecis
876 3213 1000 3298 longas.

135 3313 207 3378 Iam
230 3312 373 3378 breviter
396 3335 528 3380 caussas
550 3313 692 3379 narrabo
715 3313 831 3400 quibus
854 3320 1031 3380 commotus
1049 3333 1185 3398 eaquae

79 3408 257 3478 Oorssenus
279 3411 414 3499 protulit
434 3411 699 3500 improbaverim.

134 3510 232 3578 Certe
252 3533 347 3577 nemo
369 3521 435 3594 est,
466 3513 521 3599 qui
542 3513 687 3597 ignoret,
713 3511 858 3599 syllabas
879 3509 993 3576 finales
1015 3507 1184 3597 paullatim

76 3607 108 3671 in
127 3610 247 3681 Latina
267 3609 380 3697 lingua
400 3621 568 3698 correptas
591 3633 677 3694 esse,
706 3633 811 3699 neque
838 3631 916 3676 vero
937 3612 1109 3694 quisquam
1130 3629 1183 3672 ne·

79 3710 181 3794 gavit,
216 3710 273 3775 sed
295 3709 527 3776 Fleckeisenus
557 3711 605 3776 sic
630 3718 873 3796 argumentatus
903 3721 979 3774 esta
1003 3707 1183 3792 antiquiore

77 3812 220 3896 ternpore
241 3809 339 3896 longa
360 3810 460 3874 fuisse
482 3808 611 3894 syllaba
637 3809 727 3874 finali
751 3808 889 3874 verbum
907 3821 1011 3890 pater,
1043 3816 1079 3871 ut
1100 3827 1183 3870 com·

78 3909 241 3988 parativos
265 3910 320 3993 qui
340 3910 407 3974 iam
429 3908 518 3996 opud
538 3907 689 3974 Plautum
709 3909 762 3984 (ch
778 3908 843 3974 mil.
866 3907 946 3992 glor.
972 3911 1069 3972 1294:
1088 3906 1184 3968 minis·

79 4004 124 4080 ta)
147 4005 263 4072 breves
292 4009 516 4092 inveniantur,
545 4016 580 4072 ut
609 4007 761 4074 suffixum
791 4014 839 4070 ttr
866 4006 953 4098 quod
978 4015 1092 4094 postea
1115 4027 1183 4070 cor-

78 4101 220 4188 ripiatur.
