3056 4968
861 460 918 520 154

338 631 416 697 dum
442 653 482 698 ea
509 655 593 719 quae
615 634 711 701 modo
738 635 975 724 disputavimus
996 641 1083 704 iusta
1102 636 1316 725 legitimaque
1335 661 1445 704 norma

237 807 239 814 y
337 730 413 796 ficta
434 733 491 814 sit,
524 731 605 798 nihil
638 743 687 798 est
708 759 765 800 cur
786 737 977 802 recedamus
1005 759 1025 800 a
1046 736 1203 801 librorum
1234 740 1442 820 auctoritate3

337 851 411 894 nam
434 840 587 912 refutare,
609 833 695 920 quod
717 833 884 902 descendit
904 835 947 902 ab
967 835 1082 901 eadem
1104 835 1232 916 radice,
1263 859 1391 923 semper
1412 839 1445 900 in

339 929 506 995 codicibus
527 931 679 997 scribitur
700 956 773 998 cum
795 935 936 1022 simplici
960 947 979 998 t.

396 1028 545 1094 Vidimus
574 1032 675 1116 igitur
701 1035 841 1122 quinque
873 1035 1014 1099 existere
1037 1036 1161 1100 formas
1187 1055 1206 1097 e
1227 1035 1447 1102 coniunctione

336 1127 515 1193 litterarum
538 1137 570 1191 dt
583 1131 639 1210 12);

398 1236 455 1293 aut
482 1241 511 1289 at
536 1235 751 1311 (manifestus),
779 1256 809 1293 aa
836 1238 982 1312 (masaa),
1015 1257 1029 1293 a
1062 1255 1146 1297 cum
1167 1221 1289 1318 prod.
1318 1232 1446 1319 suppl.
1520 1219 1522 1276 l

335 1331 467 1404 (cdsua);

397 1437 454 1490 aut
475 1440 498 1488 tt
519 1433 675 1511 (fabilis),
697 1442 709 1492 t
731 1453 814 1494 oum
837 1430 947 1516 prod.
972 1427 1098 1516 suppl
1126 1435 1296 1508 (refutare).

841 1601 870 1680 s.
896 1603 943 1664 η.

397 1714 426 1770 R
448 1695 557 1772 littei-a
577 1731 641 1774 non
662 1719 711 1774 est
732 1712 834 1780 eiecta
861 1723 937 1780 ante
956 1717 978 1775 d
997 1713 1061 1776 nisi
1082 1712 1116 1776 in

391 1815 504 1888 pedere
518 1808 605 1896 quod
621 1832 682 1895 pro
694 1813 835 1890 *perdere
851 1811 987 1891 dicitnr;
1004 1833 1078 1876 nam
1095 1832 1168 1875 cum
1179 1808 1310 1874 Graeco
1326 1805 1445 1889 πέρὸω,

335 1907 404 1972 Ser.
421 1914 508 1987 perd
527 1917 594 1974 tam
615 1908 698 1974 bene
720 1912 888 1992 consentit,
911 1911 1024 1976 utrix
1047 1909 1088 1976 ab
1111 1910 1158 1974 eis
1177 1907 1321 1994 disiungi
1339 1910 1446 1995 possit,

335 2017 366 2070 et
386 2007 420 2070 in
435 2006 637 2072 substantivo
651 2015 753 2088 podem
768 2016 822 2087 (ex
839 2011 981 2090 *perdam
993 2007 1080 2094 quod
1097 2007 1140 2074 ad
1152 2007 1289 2072 eandem
1308 2007 1446 2074 radicem

336 2114 468 2191 spectat.
512 2106 645 2171 Vocalis
667 2133 681 2168 e
703 2110 800 2174 etiam
822 2109 857 2174 in
879 2107 1006 2174 Graeco
1028 2100 1138 2191 noodr}
1159 2107 1194 2170 in
1215 2129 1232 2166 o
1255 2105 1349 2172 abiit.
1385 2183 1389 2189 ¹

274 2265 277 2272 .
393 2205 432 2270 In
460 2204 510 2268 his
537 2205 665 2274 ,duabus
694 2207 828 2272 vocibus
856 2217 982 2272 tantum
1009 2211 1126 2270 anted
1156 2229 1174 2266 r
1202 2206 1362 2269 omissum
1388 2217 1440 2284 est,

335 2303 421 2388 quod
444 2325 516 2368 cum
538 2328 648 2370 omnes
676 2305 759 2370 aliae
786 2306 919 2392 linguae
948 2305 1151 2370 servaverint
1180 2311 1278 2389 atque
1302 2303 1443 2368 vocalem
1521 2351 1522 2362 ,

335 2399 467 2466 brevem
488 2403 677 2491 reliquerint
701 2403 782 2470 nihil
804 2405 927 2487 obstat,
957 2406 1130 2490 quominus
1158 2402 1407 2490 productionem
1428 2426 1443 2461 r

336 2511 488 2566 extrusae
516 2502 628 2568 deberi
649 2526 819 2590 ponamus,

394 2599 479 2665 Ante
501 2614 512 2662 t
533 2612 641 2667 autem
662 2625 735 2684 uno,
749 2605 784 2668 in
802 2600 902 2668 verbo
925 2625 943 2662 r
963 2601 1101 2666 interiit:
1123 2602 1158 2666 in

398 2705 591 2782 sempiternus
606 2723 666 2788 pro
681 2703 923 2782 *semper-toruus,
935 2722 1039 2787 neque
1055 2709 1162 2766 exstat
1177 2699 1445 2785 compensationis

335 2822 452 2864 caussa
476 2800 655 2886 productio,
677 2798 712 2864 id
733 2798 819 2886 quod
841 2799 876 2864 in
897 2797 971 2864 aliis
992 2821 1120 2888 quoque
1137 2799 1274 2872 vocibus
1292 2797 1446 2878 videmus,

335 2899 391 2963 ubi
420 2897 616 2984 bisyllabum
645 2897 798 2964 suffixum
827 2895 989 2966 adiectum
1019 2909 1067 2962 est
1087 2921 1118 2962 v.
1142 2921 1169 2964 o.
1201 2899 1236 2964 in
1258 2903 1446 2982 corpulentus
1519 2915 1520 2971 t

334 3021 394 3086 pro
417 2999 653 3082 *eorpurleutua
707 2995 840 3062 Voealis
869 3006 991 3078 autem,
1027 3019 1110 3082 quae
1140 2999 1299 3062 remansit
1328 2999 1446 3062 intacta

334 3097 462 3161 videtur
490 3120 561 3162 esse
589 3097 681 3182 quasi
708 3119 790 3183 quae
813 3093 1031 3182 coniungendi
1058 3099 1125 3160 vim
1147 3095 1277 3162 habeat.
1323 3095 1398 3178 Qua
1416 3098 1446 3160 in
1518 3089 1519 3122 ³

334 3219 370 3260 re
393 3198 491 3260 etiam
514 3205 665 3261 accentus
689 3192 849 3282 quaedam
872 3196 1016 3281 potentia
1038 3197 1240 3281 agnoscitur3
1270 3219 1349 3260 nam
1379 3217 1446 3259 cum
1518 3173 1519 3225 l

335 3304 366 3358 et
380 3295 578 3380 paenultima
599 3304 768 3378 acueretur
791 3303 822 3362 et
842 3295 934 3382 prior
956 3295 1076 3380 prioris
1088 3293 1181 3360 verbi
1199 3293 1339 3381 syllaba,
1363 3305 1445 3360 ante
1517 3305 1518 3370 l

335 3394 534 3481 paenultima
554 3390 684 3460 facilius
707 3402 835 3480 poterat
855 3392 1019 3466 immutari
1042 3402 1074 3457 et
1094 3393 1128 3458 in
1142 3389 1315 3460 exiliorem
1338 3415 1445 3460 sonum
1517 3391 1518 3464 l

335 3493 433 3558 abire.

842 3643 871 3724 a
898 3647 945 3710 1³-
1516 3643 1517 3731 t

395 3757 472 3824 Alia
493 3768 543 3824 est
563 3782 580 3819 r
600 3755 729 3822 litterae
749 3757 843 3840 ratio,
866 3781 948 3845 quae
970 3759 1005 3827 in
1025 3779 1090 3822 una
1106 3779 1186 3822 voce
1199 3757 1323 3824 Latina
1343 3766 1415 3822 ante
1435 3758 1444 3815 ι’

335 3866 644 3923 consonam'aonum
665 3866 732 3920 tam
754 3866 882 3921 tenuem
905 3857 1040 3942 aceepit,
1062 3865 1098 3920 ut
1113 3858 1325 3922 omitteretur.

386 4039 427 4103 12)
446 4035 650 4094 Grassmannus
667 4039 697 4092 in
715 4038 821 4092 Kuhnii
841 4037 934 4094 annal.
951 4038 1007 4091 ΧΠ
1028 4039 1113 4109 [1863]
1132 4055 1159 4108 p.
1179 4042 1219 4095 88.
1239 4043 1370 4108 quattuor
1385 4041 1440 4090 tan·

334 4121 476 4176 tummodo
492 4138 597 4194 genera
614 4121 753 4178 discernit.
1514 4147 1515 4237 p
