3034 4964
876 443 917 506 96

339 623 425 680 esset
444 617 479 680 in
489 614 624 681 vocibus
636 615 724 680 haud
736 639 812 684 raro
826 639 901 684 cum
910 618 995 684 falsa
1007 621 1207 708 aspiratione
1222 619 1436 706 pronuntiatis,

341 737 378 779 eo
399 714 526 780 facilius
548 715 703 798 Romani,
725 719 781 803 qui
802 717 991 804 plerumque
1012 741 1077 784 non
1098 720 1145 782 ita
1166 727 1319 783 accurate
1340 741 1434 804 gram·

340 815 461 878 metica
483 812 613 878 Graeca
630 815 750 880 eruditi
773 826 880 898 erant,
912 819 947 882 in
975 818 1038 884 hac
1067 839 1103 882 rc
1130 840 1241 884 errare
1267 827 1436 903 potuerunt,

340 922 512 1000 postquam
534 913 610 978 inde
637 913 679 978 ab
703 937 787 979 auno
808 921 869 984 660
890 941 921 984 u.
944 940 970 982 c.
993 917 1046 994 (cf.
1067 917 1209 999 Ritschl,
1236 916 1324 982 Mon.
1346 917 1437 1002 epigr.

338 1010 388 1074 111
414 1033 489 1098 pag.
513 1017 565 1090 27)
592 1013 755 1100 aspiratus
778 1014 923 1080 Graecas
951 1015 1189 1102 pronuntiando
1218 1025 1250 1080 ct
1277 1015 1437 1080 scribendo

340 1114 525 1197 exprimere
546 1112 795 1198 incepemmt.²⁵)

404 1211 459 1274 Sic
478 1214 578 1296 igitur
600 1211 681 1276 hacc
701 1235 787 1278 nova
808 1214 1032 1299 exemplorum
1052 1215 1150 1280 turba
1170 1213 1305 1278 accedit.

421 1310 438 1374 I
458 1309 504 1374 A:
528 1309 595 1374 CH
614 1312 745 1397 ponitur
766 1336 826 1400 pro
847 1313 887 1377 O:

401 1409 440 1472 ln
461 1410 742 1496 inscriptionibus:
1323 1432 1328 1442 ¹

402 1507 580 1573 Oborintho
607 1509 701 1576 (irut
726 1517 795 1578 349.
818 1520 854 1595 2,
884 1513 1031 1578 Proohne
1057 1513 1099 1578 ib.
1122 1517 1233 1582 8832
1266 1513 1319 1586 (cf.
1346 1513 1432 1577 etiam

339 1609 459 1672 Inscrr.
481 1610 574 1693 regni
596 1609 730 1696 Neapol.
753 1617 840 1694 791),
870 1611 1065 1700 Schythicus
1086 1613 1129 1678 ib.
1152 1618 1221 1680 520.
1245 1619 1276 1694 3,
1297 1612 1433 1677 Dorchac

339 1707 441 1772 Inscr.
462 1708 556 1792 regni
575 1708 679 1794 Neap.
700 1714 795 1791 3838,
825 1709 991 1776 Gluchera
1011 1711 1055 1780 ib.
1079 1717 1176 1792 3323,
1198 1708 1382 1777 Philochalc
1399 1709 1434 1774 ib.

341 1813 417 1874 3491
429 1855 438 1888 ,
461 1805 634 1872 chorinbus
656 1807 699 1872 ib.
723 1813 812 1875 2133.
840 1809 893 1885 (cf.
916 1813 1013 1876 etiam
1036 1810 1256 1894 Schuchardt,
1279 1810 1433 1876 Vocalism.

340 1906 370 1970 d.
392 1905 634 1990 Vulgiirlatcins
653 1906 678 1971 Ι.
703 1911 762 1985 18).

384 2005 439 2068 ‚In
461 2003 553 2069 libris
573 2007 801 2070 vetustissimis
822 2006 1020 2092 Vergilianis
1041 2009 1173 2088 (sacculi
1195 2011 1302 2086 tertii,
1333 2008 1431 2096 quarti,

342 2106 471 2192 quinti),
494 2107 548 2189 qui
568 2104 736 2170 titulorum
759 2101 976 2192 posteriorum
996 2109 1101 2174 instar
1122 2119 1197 2174 sunt
1219 2109 1272 2186 (cf.
1292 2106 1430 2184 Ribbeck,

340 2204 406 2270 ind.
430 2225 567 2290 gramm.
589 2205 632 2269 sd
653 2198 754 2290 Verg.
776 2225 852 2291 pag.
874 2212 933 2274 421
960 2213 1059 2294 sqq.):

403 2301 556 2385 Ohaicus,
571 2301 728 2390 Chalybs,
742 2303 908 2387 Alchides,
922 2305 1098 2390 Barchaei,
1113 2307 1259 2394 lynches,
1273 2306 1431 2382 Phorchus,

342 2401 529 2466 Stimichon.
1293 2429 1299 2435 ⁴

423 2501 439 2564 I
461 2501 503 2565 B:
527 2501 553 2564 Ο
575 2503 707 2587 ponitur
728 2525 788 2588 pro
810 2503 900 2567 CH:

401 2600 441 2664 In
460 2599 553 2664 libris
577 2601 698 2686 Vergil.
718 2603 898 2668 vetustiss:
1084 2685 1087 2692 Ι

331 2737 335 2747 ·
405 2699 536 2786 Calyhs
560 2698 740 2786 Oarybdis,
763 2701 869 2766 caelas
894 2700 1041 2784 (chelas),
1064 2703 1205 2790 clamys,
1229 2705 1349 2784 coreis,
1370 2700 1435 2766 Orc-

343 2802 413 2878 mis,
432 2799 579 2880 Ancises,
593 2799 753 2882 Dulicius,
767 2799 964 2883 Erictonius,
981 2803 1088 2884 lacco,
1102 2802 1249 2880 Molorci‚
1274 2803 1435 2878 Orsilocus,

342 2899 510 2980 Pancaeis,
533 2898 741 2962 Thersilocus
763 2908 822 2964 otc.
836 2900 877 2975 ²⁶)

346 3033 475 3041 ψη...-
503 3035 526 3040 -..

390 3101 434 3164 25)
451 3097 529 3152 Idem
546 3096 628 3150 etiam
646 3096 676 3150 in
693 3097 790 3152 iuscrr.
809 3097 932 3154 Etnrscis
950 3116 968 3152 a
984 3099 1022 3156 K.
1035 3097 1069 3156 0.
1084 3100 1201 3154 Miillero
1223 3100 1367 3169 (Etrusker
1381 3095 1436 3158 159)

339 3181 559 3236 animadversum
586 3184 642 3248 est,
670 3179 718 3250 qui
744 3180 814 3236 hacc
840 3183 966 3254 exempla
992 3183 1098 3238 attulit:
1125 3184 1228 3239 Pherse
1251 3210 1287 3230 =
1315 3179 1434 3254 Περσεύς,

340 3263 493 3318 Phulnihes
515 3291 548 3310 =
569 3268 753 3331 Πολυνείκης,
783 3266 914 3318 Atresthe
939 3291 972 3312 ==
988 3263 1148 3338 Ἄδραστος,
1171 3267 1290 3341 Thethis
1307 3293 1341 3314 --
1361 3270 1434 3324 Θέτις,

337 3347 484 3419 Thelaphe
501 3373 534 3395 =
556 3348 683 3420 Τήλεφος
701 3347 746 3416 (cf.
765 3350 847 3402 etiam
864 3349 1128 3419 Miller-Wiemler,
1142 3349 1263 3407 Denkm.
1279 3351 1306 3406 d.
1320 3367 1345 3405 a,
1358 3349 1435 3402 Kunst

339 3431 361 3486 1.
380 3435 420 3488 63.
439 3437 489 3488 319
506 3437 534 3486 et
552 3437 593 3488 cr.
613 3437 661 3486 307
680 3433 790 3503 Athrpa
808 3457 840 3480 =
854 3431 1008 3504 Ἄτροπος),

390 3520 432 3582 16)
457 3517 521 3571 Noli
538 3521 637 3586 putare
662 3513 736 3572 haec
748 3531 838 3569 msros
855 3516 1030 3574 librariorum
1055 3533 1160 3572 errores
1180 3533 1239 3571 esse
1264 3523 1293 3570 et
1310 3517 1433 3570 Itomauos

339 3601 465 3670 spiritum
482 3606 547 3671 post
562 3617 580 3654 c
599 3605 648 3670 tp
670 3618 728 3654 non
746 3605 879 3656 ,accurate
903 3602 1106 3670 pronuntirsse.
1142 3601 1283 3666 Qixautum
1307 3601 1388 3667 enim,
1410 3601 1433 3648 ut

340 3684 464 3754 exemplo
481 3689 552 3752 utar,
570 3682 643 3738 Otho
662 3690 690 3738 et
702 3683 756 3738 Oto
768 3683 975 3754 pronuntiando
993 3685 1064 3740 inter
1081 3702 1111 3738 se
1129 3684 1267 3753 differant,
1286 3687 1396 3756 apparet
1406 3695 1431 3733 ιι

344 3769 508 3822 testimoniis
526 3769 666 3823 Ciceronis
685 3785 723 3823 or.
742 3771 782 3842 18.
804 3771 865 3836 160,
886 3768 988 3824 Catilli
1006 3769 1093 3840 epigr.
1111 3774 1159 3833 84,
1186 3769 1362 3834 Quinctilium
1380 3771 1398 3818 1.
1413 3769 1430 3815 i.

339 3854 372 3906 20
392 3857 445 3908 etc.
481 3851 523 3908 Cf.
545 3853 633 3916 etiam
650 3853 831 3910 Consentium
852 3867 917 3922 pag.
930 3855 988 3906 392.
1005 3856 1034 3906 19
1053 3854 1096 3908 eu.
1112 3852 1196 3920 Keil,
1214 3855 1262 3908 ubi
1277 3855 1346 3908 talos
1365 3850 1430 3920 „bar-

339 3933 494 3991 bunnar
524 3937 562 3990 sic
588 3928 720 4006 castigat:
755 3936 839 4004 ,‚[per
862 3935 1074 3992 inmutationem
1094 3935 1168 3990 frunt
1193 3936 1354 3995 barbarismi
1375 3929 1428 3996 sic]

338 4018 528 4088 aspirationis,
550 4026 581 4075 ut
598 4021 621 4074 si
639 4019 700 4090 quis
718 4018 846 4078 Trarion
864 4018 958 4072 dicens
975 4019 1090 4088 primam
1115 4020 1254 4074 subtiliter
1275 4019 1371 4074 ecferat
1390 4017 1427 4067 sut

339 4098 535 4174 Carthaginem
551 4103 645 4160 diceus
662 4103 778 4172 primam
795 4098 921 4162 enuntiet
938 4119 1000 4158 curn
1017 4104 1212 4173 aspiratione.“
