3008 4968
589 495 649 560 213

72 673 146 736 enim
167 671 347 740 Ahrensius
371 673 410 739 de
436 673 556 748 δεινοῖς
582 657 613 738 et
633 669 691 736 τὸν
712 675 847 740 vocibus
870 675 949 740 dicit
955 723 965 759 ,
995 677 1088 760 quasi
1109 697 1173 742 non

70 770 201 836 traditae
223 774 302 854 sint,
325 795 459 859 prorsus
485 773 609 840 fallitur
628 773 679 850 ¹²).
721 773 850 840 Deinde
871 797 936 839 non
960 797 1092 840 necesse
1116 785 1174 857 est,

69 869 124 934 huc
143 870 258 936 referri
281 871 404 936 Zenobi
426 872 527 937 verba
552 874 603 950 (fr.
627 879 697 950 118)
726 873 842 961 quibus
866 872 1044 938 Ahrensius
1074 875 1174 938 utitur

69 977 213 1057 tanquam
236 971 431 1052 testimonio,
456 971 630 1037 secundum
654 971 739 1058 quod
761 973 794 1035 in
814 972 876 1036 hoc
897 971 1078 1058 fragmento
1098 994 1172 1059 epo-

70 1067 176 1132 dorum
211 1068 382 1154 rhythmus
415 1071 631 1136 restituendus
667 1072 717 1135 sit.
766 1071 915 1159 Denique
948 1073 1021 1160 quis
1052 1093 1173 1156 negare

69 1169 179 1254 poterit
202 1190 276 1232 cum
296 1169 437 1234 Ahrensi
459 1171 592 1234 inventa
612 1170 760 1256 respicit:

183 1290 257 1362 ἄλλ)
282 1295 317 1362 ἓν
338 1293 369 1382 γ’
394 1295 575 1383 ἐπίσταμαι
596 1296 681 1384 μέγα
697 1301 709 1386 ΙΙ

182 1391 263 1481 ἐγώ·
285 1401 397 1475 κακῶς
416 1421 449 1463 τι
473 1399 620 1483 δρῶντας
641 1393 913 1502 ἀνταμείβομαιιΙΙ
928 1391 1071 1464 nuncid.

68 1529 120 1594 hoe
140 1530 238 1596 modo
261 1531 331 1596 tolli
356 1555 450 1598 omne
469 1533 721 1617 fundamentum,
744 1535 778 1598 in
800 1533 1018 1621 qu0·criticus
1040 1534 1171 1601 nitatur.

68 1627 210 1694 Ceterum
230 1631 289 1694 vix
311 1632 478 1719 quisquam
501 1633 691 1720 probaverit
713 1632 793 1698 illud
815 1626 895 1716 ἐγώ,
923 1631 1010 1719 quod
1031 1633 1172 1698 maxime

68 1728 240 1813 flaccescit,
268 1751 372 1816 neque
392 1731 494 1796 verba
515 1734 625 1806 κακῶς
646 1754 679 1795 τι
701 1742 760 1796 etc.
784 1733 854 1796 sine
875 1733 1100 1807 coniunctione
1119 1735 1174 1811 eis,

68 1850 140 1914 quae
161 1828 367 1911 antecedunt,
390 1829 605 1896 adiuncta—
621 1831 703 1898 Oum
723 1854 776 1895 res
796 1832 843 1895 ita
865 1853 935 1895 sese
959 1829 1087 1908 habeat,
1108 1855 1173 1898 non

68 1929 168 2012 magni
189 1930 344 1993 momenti
366 1939 425 2012 est,
448 1930 535 2017 quod
630 1943 641 1972 ‘

121 2034 219 2100 Areh.
231 2043 304 2100 tetr.
317 2038 393 2118 56,1
420 2058 492 2100 cum
514 2035 654 2124 quadam
674 2033 917 2122 probabilitatis
940 2035 1048 2121 specie
1069 2039 1173 2101 conici

68 2141 174 2217 potest,
198 2142 235 2198 ut
255 2131 436 2200 Ahrensius
458 2136 546 2200 fecit:
567 2135 655 2198 τοῖσι
678 2134 791 2198 θεοῖσι
810 2126 924 2196 τίθετε
945 2126 1053 2195 πάντα
1076 2136 1124 2212 ¹³).

119 2249 231 2336 Neque
252 2251 357 2335 magis
380 2249 478 2316 credo
500 2274 520 2316 a
543 2252 646 2338 poetis
669 2251 738 2314 sine
759 2249 825 2314 ulla
848 2249 1040 2336 exceptione
1060 2249 1094 2312 in
1115 2252 1171 2314 tri-

69 2349 169 2413 metris
193 2347 331 2413 formam
353 2349 531 2436 longiorem
559 2348 740 2414 adhibitam
761 2370 842 2414 esse.
884 2347 958 2412 Hoc
979 2348 1064 2412 enim
1086 2358 1173 2413 certe

69 2448 300 2514 concedendum
322 2459 385 2531 est,
415 2451 443 2514 si
463 2459 579 2536 poetae
608 2446 875 2514 concurrentibus
904 2445 1030 2512 duobus
1054 2446 1172 2512 dativis

68 2545 111 2610 vel
137 2546 362 2612 declinationis
391 2549 425 2612 in
454 2557 470 2608 a
492 2558 524 2613 et
545 2553 573 2630 ὀ,
596 2547 647 2612 vel
678 2547 773 2612 huius
803 2555 834 2609 et
856 2545 1005 2628 alterius,
1035 2549 1173 2633 quaein

69 2665 232 2712 consonam
255 2648 332 2730 exit,
355 2670 390 2712 se
412 2669 539 2733 semper
556 2670 576 2711 a
589 2646 740 2711 breviore
761 2646 867 2710 forma
889 2649 975 2720 (ante
997 2668 1172 2712 consonam

68 2745 176 2826 posita)
206 2745 371 2810 abstinere
401 2745 594 2824 voluissent,
621 2744 659 2810 id
687 2747 779 2831 poesi
811 2743 946 2808 liberius
981 2745 1172 2810 tractandae

21 2895 23 2902 .
69 2864 182 2910 summo
217 2843 448 2931 impedimento
480 2846 621 2910 futurum
654 2843 764 2910 fnisse.
818 2841 906 2922 Quid
936 2843 1036 2926 igitur
1067 2846 1172 2929 magis

69 2953 310 3008 consentaneum
332 2954 389 3024 est,
407 2965 503 3030 quam
519 2944 646 3029 signum
661 2941 816 3029 plenioris
832 2942 964 3024 formae,
980 2941 1057 3024 icta,
1074 2942 1173 3008 semel

69 3041 184 3106 omitti?
227 3042 311 3106 Num
325 3051 422 3128 poeta
437 3052 611 3130 propterea
632 3054 746 3129 peccat
761 3042 795 3104 in
816 3041 957 3126 patriam
974 3038 1172 3105 dialectum?

68 3136 189 3204 Minime
217 3163 307 3206 vero.
349 3139 400 3204 Illi
427 3143 492 3205 iarn
528 3140 687 3206 satisfacit
719 3161 792 3204 cum
822 3139 856 3201 in
885 3136 1088 3223 copulatione
1117 3139 1171 3202 ad·

69 3238 167 3302 iectivi
189 3238 240 3303 vel
265 3237 392 3303 articuli
416 3263 488 3304 cum
511 3240 714 3305 substantivo
737 3240 805 3301 iota
821 3234 917 3323 finale
940 3235 1087 3301 alterutri
1109 3238 1170 3301 for-

70 3357 132 3400 mae
154 3336 253 3403 addit.
298 3337 372 3402 Hoc
393 3338 488 3404 modo
509 3341 581 3425 quis
605 3337 756 3404 dubitare
778 3345 894 3424 potest,
918 3334 995 3422 quin
1018 3335 1115 3418 color,
1137 3346 1172 3400 ut

69 3434 107 3497 ita
129 3435 248 3519 dicam,
277 3436 406 3502 Ionicus
440 3437 609 3504 servetur?
654 3437 804 3504 Ceterum
825 3435 906 3500 liaeo
928 3434 1011 3499 ratio
1032 3434 1172 3500 fortasse

69 3554 103 3596 ne
128 3557 147 3597 a
173 3535 354 3601 cotidianae
385 3537 515 3623 quidem
545 3539 632 3600 vitae
663 3559 725 3602 usu
758 3535 863 3600 aliena
895 3542 973 3598 erat.
1016 3533 1171 3619 Legimus

71 3631 197 3698 enimin
219 3637 498 3722 praestantissimo
521 3636 595 3702 Hal.
618 3635 638 3703 l.
664 3643 714 3702 10:
736 3635 805 3709 τοῖς
825 3626 1020 3719 μνὴμ[οσ]ιν.

75 3801 271 3816 ὴ-ι-ι-

132 3901 171 3966 12)
190 3899 327 3971 Inspicere
354 3899 420 3954 mihi
448 3896 526 3954 licuit
547 3899 751 3970 Theophylacti
778 3900 939 3967 editionem,
965 3897 1121 3970 Hamburgi
1145 3914 1170 3953 a.

74 3981 129 4034 rur
145 3999 162 4036 a
179 3984 239 4039 Chr.
260 3982 362 4039 Wolfio
380 3989 511 4038 curatam.

134 4068 172 4133 13)
190 4066 286 4122 Melius
304 4073 397 4122 tamen
415 4068 569 4121 sententiae
587 4067 734 4121 convenire
752 4067 861 4121 ridetur
878 4063 1025 4137 singularis
1043 4081 1172 4120 numerus

72 4159 211 4214 secuudum
228 4157 307 4216 Groti
325 4158 511 4214 coniecturam
531 4164 604 4213 τοῖσι
622 4163 644 4224 (ι
663 4158 768 4228 addidi)
787 4139 865 4220 θεῗιῖς
883 4161 958 4211 τίθει
976 4157 1010 4212 τὰ
1030 4157 1132 4214 πάντα.
1158 4205 1162 4212 .
