3008 4968
726 407 990 504 „mm

331 613 393 678 que
416 587 504 678 apud
517 589 696 668 Homerum
713 613 776 656 non
793 591 940 656 contrahi
962 593 1059 676 solet3
1081 592 1171 657 cuius
1192 594 1241 656 rei
1264 593 1432 680 exemplum
1492 637 1493 644 1

331 690 461 754 exhibet
484 687 648 776 Theognis
670 695 730 758 848
754 687 901 774 (κέντρῳ)
925 683 1004 770 ὀξέϊ.
1431 773 1434 780 ,

391 785 532 854 Formae
565 787 815 872 adiectivorum,
849 789 960 876 quales
993 801 1067 854 sunt
1098 783 1179 876 ἡδέα
1210 789 1309 856 Phoc.
1343 799 1390 872 11,
1418 797 1434 856 2
1492 819 1493 852 ι

330 878 436 963 ιῦνιέος
456 888 568 954 Mimn.
595 895 644 966 14,
674 895 720 954 11.
740 883 859 973 τρηχέα
883 888 946 953 Sol.
969 895 1001 966 4,
1030 895 1068 957 35
1090 903 1149 954 etc.
1179 889 1328 954 omnibus
1350 889 1435 953 diale
1492 913 1493 972 )

331 987 391 1051 ctis
413 1009 598 1053 communes
622 998 703 1053 sunt.
1201 1023 1205 1031 =

391 1093 421 1166 3)
444 1087 570 1174 Stirpes
592 1087 626 1152 in
649 1109 682 1148 εν
706 1085 942 1176 diphthongum
957 1088 1139 1152 desinentes
1163 1088 1252 1175 apud
1267 1087 1434 1153 Homerum

307 1187 361 1248 'in
389 1184 530 1258 flexione
559 1185 749 1272 plerumque
776 1209 789 1250 ε
812 1185 956 1251 vocalem
983 1209 1001 1248 v
1029 1187 1082 1252 vel
1111 1186 1219 1274 potius
1249 1187 1435 1273 digammate

329 1281 430 1351 eiecto
462 1283 675 1372 productione
707 1285 909 1372 suppletoria
936 1286 971 1349 in
996 1308 1015 1371 η
1050 1297 1190 1370 mutant3
1225 1309 1321 1374 quem
1351 1309 1452 1350 usum*

328 1386 425 1448 etiam
447 1384 583 1469 elegiaci
602 1385 813 1450 retinuerunt.
855 1384 1011 1468 Legimus
1033 1387 1132 1451 enim:
1364 1376 1369 1382 ’

391 1483 483 1570 Tyrt.
503 1490 538 1558 5,
569 1492 581 1549 1
607 1481 756 1566 βασιλῆϊ.
799 1483 943 1568 Theogn.
967 1489 1027 1549 285
1047 1482 1202 1568 βασιλῆα.
1246 1490 1306 1550 263
1326 1485 1436 1568 τοκῆες.

328 1587 395 1650 821.
422 1587 514 1674 1211:
536 1583 666 1666 τοκῆος.
690 1581 770 1648 Call.
786 1589 819 1648 5:
841 1573 1028 1666 Ἦσιονῇος.
1057 1583 1152 1670 Tyrt.
1173 1592 1202 1666 4,
1218 1589 1252 1652 3:
1273 1581 1435 1668 βασιλῆας.

388 1679 509 1768 Epicos
529 1681 674 1745 imitatus
697 1703 767 1746 esse
789 1679 918 1744 videtur
933 1680 1147 1747 Archilochus
1169 1693 1242 1748 tetr.
1266 1689 1316 1764 59,
1332 1689 1364 1747 2:
1385 1682 1436 1745 ubi

324 1777 427 1860 χίλιοι
456 1781 577 1867 φονῆες
607 1775 723 1860 ἐσμέν,
758 1790 861 1845 metro
889 1780 1045 1847 firmatur.
1092 1781 1158 1846 Sed
1187 1791 1298 1846 tamen
1329 1781 1435 1845 melius

327 1879 530 1945 existimabis
551 1878 784 1944 Archilochum
806 1903 847 1946 ex
867 1877 955 1943 ledis
986 1883 1094 1966 specie
1117 1879 1258 1966 quadam
1279 1881 1435 1954 hausisse;

325 2001 402 2044 nam
432 1977 550 2066 legitur
580 1977 661 2044 haec
693 1978 820 2044 flexura
851 1980 948 2043 etiam
968 1981 1002 2042 in
1021 1980 1290 2066 inscriptionibus
1321 1981 1432 2046 Ionicis

325 2075 361 2144 O.
376 2079 402 2143 l.
417 2078 459 2157 ll,
473 2083 555 2145 2247
576 2081 610 2142 in
625 2079 796 2144 Prienensi
821 2080 878 2161 Τῷ
899 2069 1103 2142 Ἀπόλλωνι
1116 2081 1164 2162 τῷ
1178 2079 1327 2166 Πριηνῇϊ
1344 2071 1433 2160 μ’ἀν-

324 2173 463 2262 έθηκεν,
497 2177 581 2264 quae
610 2177 799 2243 collocanda
825 2187 873 2241 est
901 2179 987 2242 intra
1016 2175 1067 2242 Ol.
1099 2181 1260 2245 112-’-115
1289 2189 1322 2243 et
1349 2177 1431 2243 Hali·

324 2300 411 2342 oarn.
429 2276 553 2354 26551)
577 2273 688 2352 ,,Λιὸς
707 2275 917 2362 Πλοοιῆος“.
952 2273 1099 2359 Accedit,
1116 2275 1316 2364 quodetiam
1337 2279 1372 2342 in
1386 2299 1433 2342 ve·

323 2379 459 2440 tustiore
480 2373 615 2440 Atthide
642 2375 702 2440 has
723 2376 845 2440 formas
866 2379 900 2440 in
926 2397 988 2440 usu
1013 2377 1114 2440 fixisse
1136 2378 1232 2442 testis
1256 2385 1306 2441 est
1328 2369 1433 2462 οἰκῆος

255 2543 260 2550 ,
323 2475 401 2562 Lys.
425 2473 473 2556 X,
507 2478 543 2538 19
570 2476 605 2538 in
626 2474 698 2560 lege
713 2475 746 2553 6).
790 2475 904 2563 Neque
931 2478 1036 2562 magis
1064 2473 1178 2540 Lesbii
1206 2498 1240 2540 se
1270 2477 1317 2540 eis
1340 2475 1432 2540 absti-

263 2573 268 2584 ’
325 2582 471 2638 nuerunt.
514 2572 646 2663 Rectius
678 2574 795 2659 igitur,
829 2576 857 2638 si
878 2572 957 2662 quid
970 2571 1092 2656 'video,
1127 2574 1337 2639 iudicandum
1369 2575 1432 2653 erit,

323 2673 382 2736 has
404 2673 526 2736 formas
548 2673 582 2736 in
602 2681 671 2738 tota
694 2674 876 2762 antiquiore
896 2673 1009 2760 lingua
1031 2675 1185 2760 viguisse,
1206 2683 1303 2762 atque
1326 2696 1369 2738 ex
1388 2673 1432 2737 his

324 2789 388 2850 cas,
410 2793 494 2858 quae
515 2782 678 2856 secuntur,
701 2775 905 2858 correptione
926 2781 1021 2838 natas
1043 2795 1124 2838 esse.

383 2869 485 2936 Multo
504 2861 600 2936 ‘enim
627 2871 827 2958 frequentius
855 2872 950 2936 Iones
979 2875 1014 2936 in
1041 2872 1172 2938 casibus
1201 2871 1342 2959 obliquis
1369 2881 1431 2936 tan-

321 2981 388 3038 tum
409 2993 425 3033 ε
447 2970 618 3057 praebent3
650 2975 740 3035 cuius
768 2970 971 3036 formationis
1000 2971 1152 3058 exempla
1180 2973 1259 3036 ism
1276 2970 1431 3036 Homerus

321 3069 451 3156 quide'm
474 3070 584 3152 offert,
618 3069 676 3134 sed
707 3078 833 3135 tanturn
854 3071 889 3134 in
910 3070 1095 3135 nominibus
1129 3071 1284 3157 propriis.
1328 3069 1429 3149 Quem

305 3159 416 3234 ¹usum
439 3163 794 3256 praeter'Herodotum
812 3170 834 3247 7)
857 3170 954 3233 etism
975 3169 1062 3234 tituli
1086 3171 1291 3235 confirmant:
1319 3168 1428 3234 Amor·

249 3351 253 3360 ¹
320 3264 803 3355 ιοςὶοιισ2263,ο(Α(1ι1οιιι1.)τὸ
833 3266 954 3330 νιλοῖον
975 3261 1012 3332 τὸ
1035 3257 1291 3356 Δωριέος,’σιιί
1322 3279 1372 3333 est
1392 3289 1428 3332 ex

318 3369 406 3434 tertii
426 3367 489 3432 fine
511 3366 564 3432 vel
584 3368 677 3432 initio
700 3366 821 3432 saeculi
851 3367 985 3432 secundi
1006 3391 1034 3432 a.
1060 3367 1137 3434 Chr.
1159 3392 1189 3434 n.
1212 3368 1344 3456 (ubique
1365 3369 1427 3432 fere

318 3470 383 3535 iarn
406 3467 560 3554 vulgares
581 3467 701 3532 formas
723 3465 833 3548 habet,
853 3466 953 3532 veluti
975 3467 1102 3534 dativus
1124 3469 1159 3534 in
1180 3489 1236 3544 αις
1258 3472 1339 3546 etc),
1360 3466 1429 3532 Sar·

318 3577 393 3633 mat.
418 3573 513 3634 2076:
540 3557 728 3648 Ἀχιλλέος.
771 3566 886 3652 ltaque
914 3578 1001 3632 recte
1023 3589 1043 3633 a
1063 3566 1208 3652 Bergkio
1230 3567 1332 3654 Hipp.
1361 3575 1427 3630 tetr.

319 3672 358 3732 79
387 3688 429 3730 ex
458 3665 529 3730 cod.
559 3665 589 3728 Ε
621 3665 709 3753 apud
739 3665 829 3732 Suid.
863 3668 897 3730 in
928 3665 1078 3748 lemmate
1100 3657 1428 3750 ΒίαντοςΠριηνέως

319 3759 393 3850 δίκη
415 3765 600 3873 restitutum
628 3773 677 3830 est
698 3759 842 3840 Βίαντος
870 3765 929 3828 τοῦ
948 3759 1115 3850 Πριηνέος
1141 3760 1303 3848 κρέσσων,
1333 3785 1426 3852 quan-

264 4007 265 4015 *
385 4000 410 4064 6)
428 3995 564 4070 Krueger.
582 3997 619 4067 11,
635 4004 658 4064 ξ.
682 4002 721 4068 18,
740 4002 764 4066 4,
782 4003 805 4054 8.

387 4085 412 4150 t)
429 4081 536 4152 Struve,
555 4087 660 4152 quaest.
679 4083 714 4136 de
731 4082 794 4136 dial.
814 4083 874 4136 Her
899 4097 971 4152 spec.
992 4079 1020 4134 II
1039 4080 1171 4150 (opuscul.
1190 4077 1227 4151 Π,
1239 4100 1267 4152 p.
1282 4085 1328 4137 323
1350 4080 1423 4148 sqql.
