3034 4964
523 447 646 551 fra
744 475 808 522 a

130 641 224 708 Haec
244 641 432 708 testimonia
458 641 604 727 ipsorum
633 641 827 727 scriptorum
854 637 935 704 locis
962 638 1083 724 optime
1110 659 1183 702 eon-

70 741 258 822 firmantur,
289 762 365 806 nam
393 741 511 826 tragici
542 737 644 806 solum
667 740 775 813 πᾶνος
804 736 927 802 dixisse
952 735 1104 804 videntur
1125 737 1180 813 (cl.

69 839 149 905 Eur.
170 840 241 906 Ion.
265 846 324 907 195
347 849 379 905 et
403 845 496 913 1294,
526 837 643 904 Aesch.
665 838 728 924 Ag.
750 841 827 918 284,
851 836 926 902 vide
948 838 1046 902 etiam
1065 835 1183 926 Athen,

71 946 117 1006 15.
143 944 221 1021 700,
242 937 323 1004 ΡΟῙῙ.
344 946 391 1020 10,
417 944 483 1021 117,
505 935 597 1002 Phoh
619 936 685 1002 lex.
706 961 731 1004 s.
752 960 783 1003 v.
804 937 941 1018 πᾶνον),
968 938 1081 1004 comici
1104 937 1183 1002 vero

68 1037 199 1120 Alexis,
227 1036 495 1119 Anaxandrides‚
524 1037 745 1118 Nicostratus,
770 1034 975 1122 Philippides
1006 1037 1182 1102 secundum

66 1136 268 1202 Athenaeum
292 1141 429 1212 (15.700)
458 1146 490 1202 et
510 1135 691 1202 Menander
717 1134 893 1202 seeundum
914 1135 1068 1200 Photium
1089 1149 1126 1212 (s.
1149 1159 1180 1200 v.

66 1237 185 1320 φᾶνος)
209 1237 409 1322 scripserunt
430 1235 552 1321 φᾶνος,
586 1254 781 1321 quamquam
802 1233 856 1298 hic
879 1256 953 1298 eum
976 1233 1130 1322 Diphilo,
1153 1235 1181 1298 si

67 1334 198 1400 oo'dioos
214 1333 374 1400 Athenaei
397 1335 488 1420 sequi
509 1333 602 1414 velis,
623 1333 657 1398 in
677 1333 833 1420 Anepsiis
854 1335 951 1400 etiarn
973 1335 1182 1414 vetustiorem

66 1436 205 1500 formam
235 1432 407 1498 admisisse
436 1431 574 1498 videtur.
624 1433 696 1498 Non
725 1441 832 1504 autem
866 1431 948 1498 illud
974 1433 1181 1518 praetermit-

66 1543 136 1598 tere
169 1553 302 1620 possum
330 1530 495 1598 Ammonii
521 1533 705 1597 testimonio
739 1531 919 1596 certissimo
954 1530 1039 1596 hanc
1076 1553 1182 1596 meam

67 1631 331 1710 observationem
352 1630 553 1709 confirmari,
586 1631 666 1696 dicit
686 1632 772 1696 enim
795 1653 871 1716 pag.
887 1635 927 1696 911
949 1629 1000 1694 ed.
1022 1629 1179 1698 Valcken

67 1731 166 1796 haec:
188 1732 317 1816 ,,φᾶνον
337 1726 394 1815 τὴν
414 1724 588 1810 λαμπάδα.
611 1725 668 1794 καὶ
690 1721 723 1792 oi
743 1724 806 1810 μὲν
824 1725 968 1809 κωμικοὶ
990 1724 1048 1790 διὰ
1067 1730 1127 1792 τοῦ
1142 1751 1179 1814 φ,

67 1823 100 1894 oi
125 1824 165 1892 δὲ
184 1825 335 1912 τραγικοὶ
358 1825 416 1892 διὰ
437 1830 497 1892 τοῦ
518 1850 546 1890 π
569 1829 707 1894 πᾶνον.“
749 1827 954 1912 Intelligendi
975 1836 1084 1892 autem
1106 1838 1181 1894 sunt

66 1927 229 1994 hocloco
255 1930 451 1994 recentiores
484 1929 614 2010 comici,
645 1949 721 1992 nam
747 1926 837 2012 apud
865 1926 1117 2011 Aristophanem
1147 1928 1182 1992 in

65 2029 147 2114 Lys.
168 2050 199 2092 v.
221 2034 292 2110 308,
313 2026 370 2092 ubi
390 2045 476 2093 nunc
497 2029 605 2112 φᾶνος
623 2026 752 2112 legitur,
775 2047 817 2090 ex
837 2023 945 2090 Photii
966 2034 998 2088 et
1017 2024 1183 2090 Eustathii

66 2128 277 2209 testimoniis,
307 2148 390 2213 quae
413 2129 529 2196 ceteris
551 2125 717 2207 omnibus,
739 2147 820 2212 quos
841 2124 1006 2205 novimus,
1036 2132 1183 2190 veterum

65 2227 253 2292 Atticorum
277 2224 359 2292 locis
386 2226 637 2308 confirmantur,
666 2225 775 2298 πᾶνος
800 2222 972 2308 legendum
1001 2232 1050 2286 est
1077 2245 1182 2311 neque

65 2326 177 2392 obstat
205 2323 398 2392 scholiastae
428 2325 596 2392 adnotatio
623 2324 758 2410 ,φᾶνον
779 2322 863 2408 (lego
885 2324 1006 2400 πᾶνον)
1030 2315 1091 2402 μὲν
1111 2323 1183 2385 πᾶν

64 2422 102 2492 τὸ
131 2425 256 2511 φαῖνον
283 2418 463 2500 ἐκάλουν,“
492 2445 569 2488 nam
600 2413 697 2488 etiam
726 2423 834 2496 πᾶνος
859 2415 970 2504 ,κατὰ
995 2417 1183 2506 μεταβολὴν

63 2526 125 2588 τοῦ
148 2523 210 2610 φ,“
231 2533 266 2588 ut
279 2525 329 2590 ait
339 2523 541 2606 Eustochiae,
563 2546 583 2588 a
597 2521 762 2588 veteribus
778 2522 1000 2607 grammaticis
1015 2541 1035 2587 a
1050 2514 1183 2606 φαίνειν

65 2625 251 2691 derivatum
272 2633 331 2690 est

130 2724 214 2792 Cum
244 2724 344 2810 igitar
374 2723 514 2788 formam
549 2722 658 2796 πᾶνος
689 2720 904 2807 antiquiorem
940 2739 1012 2784 esse
1048 2720 1182 2786 mmife·

66 2833 154 2890 stum
191 2824 248 2906 sit,
281 2823 433 2888 assentiri
467 2845 534 2888 non
575 2843 707 2908 possum
735 2819 850 2887 Curtio
884 2819 918 2882 in
958 2816 1050 2882 elem.
1086 2826 1184 2903 etym.

66 2947 115 3010 gr.
147 2944 223 3008 pag.
254 2928 332 3006 267,
365 2924 421 3009 qui
447 2922 555 3008 φᾶνος
581 2943 602 2985 a
629 2913 765 3006 φαίνειν
794 2916 931 2982 derivat.
957 2915 1071 2982 *Hanc
1098 2919 1185 2986 enim

63 3019 298 3109 'etymologiam
326 3022 426 3086 statui
452 3022 510 3086 vix
536 3042 634 3107 posse
655 3019 750 3086 docet
774 3017 880 3094 forma
899 3016 1185 3100 grammaticorum

67 3133 100 3188 et
133 3124 281 3208 ipsorum
317 3119 463 3186 locorum
500 3120 694 3184 testimoniis
734 3115 896 3199 antiquior
936 3115 1058 3190 πᾶνος,
1096 3111 1185 3202 quod

65 3244 133 3286 non
163 3218 266 3286 solnm
293 3220 328 3282 in
354 3219 461 3284 forma
491 3218 549 3284 sed
575 3219 673 3284 etiam
703 3218 737 3280 in
763 3237 799 3279 re
828 3251 870 3260 -
903 3213 1065 3299 significat
1098 3214 1183 3278 enim

65 3342 133 3386 non
158 3340 252 3384 omne
273 3319 471 3404 genus'facis
494 3319 577 3382 siout
599 3309 745 3396 λαμπάς,
770 3312 839 3399 δᾴς,
862 3307 997 3393 nopotis,
1020 3306 1110 3398 φάνη
1127 3313 1186 3378 sed
1286 3389 1288 3392 ¹

67 3418 243 3505 speciem
266 3417 466 3506 quandam
488 3439 537 3480 ex
554 3415 983 3501 assuliscompositarn
1004 3411 1186 3500 (ciimagi-

65 3540 142 3582 nem
165 3516 255 3606 apud
275 3516 496 3582 Botticherum
516 3519 551 3582 in
572 3516 652 3584 diar.
676 3512 1109 3582 archaeol.(}erhardi1858
1130 3536 1184 3578 no.

70 3622 130 3684 116
163 3637 226 3702 αφ,
260 3615 438 3704 Phrynich.
470 3614 576 3680 Bekk.
614 3621 663 3684 50.
699 3621 756 3697 27,
795 3613 893 3678 schol.
927 3611 978 3678 ad.
1013 3612 1072 3678 Ar.
1104 3612 1184 3698 Lys.

68 3719 141 3797 308,
163 3713 279 3780 Athen.
303 3715 413 3792 70013)
435 3751 473 3760 —
495 3715 592 3802 plane
614 3715 763 3798 congruit
785 3735 859 3777 cum
882 3713 1006 3797 φᾶνος,
1034 3732 1095 3775 nec
1116 3733 1183 3776 cre-

69 3812 170 3876 dibile
198 3822 247 3877 est
279 3835 348 3877 rem
380 3821 447 3878 tarn
482 3813 678 3900 singularem
707 3811 832 3877 duobus
862 3808 1046 3876 nominibus
1081 3809 1184 3875 simil·

68 3910 154 3976 limis
175 3910 234 3976 sed
255 3911 406 3978 diversae
428 3912 563 3998 originis
590 3920 736 3976 notatam
762 3913 876 3988 fuisse,
897 3909 1092 3998 praesertim
1113 3919 1184 3974 cuin

70 4009 184 4076 eodem
205 4019 367 4100 tempore,
389 4035 451 4100 quo
474 4009 577 4076 altera
596 4011 701 4081 forma
722 4034 764 4078 ex
786 4034 845 4078 usu
867 4009 1049 4094 evanescit,
1079 4007 1183 4080 altera

70 4119 232 4178 nascatur.
