<?xml version="1.0" encoding="UTF-8"?>
<!DOCTYPE html PUBLIC "-//W3C//DTD XHTML 1.0 Transitional//EN"
    "http://www.w3.org/TR/xhtml1/DTD/xhtml1-transitional.dtd">
<html xmlns="http://www.w3.org/1999/xhtml" xml:lang="en" lang="en">
 <head>
  <title>
</title>
<meta http-equiv="Content-Type" content="text/html;charset=utf-8" />
  <meta name='ocr-system' content='tesseract 3.04.00' />
  <meta name='ocr-capabilities' content='ocr_page ocr_carea ocr_par ocr_line ocrx_word'/>
</head>
<body>
  <div class='ocr_page' id='page_1' title='image "./studienzurgriec00vanigoog/studienzurgriec00vanigoog_0146.png"; bbox 0 0 3070 4962; ppageno 0'>
   <div class='ocr_carea' id='block_1_1' title="bbox 865 403 924 468">
    <p class='ocr_par' dir='ltr' id='par_1_1' title="bbox 865 403 924 468">
     <span class='ocr_line' id='line_1_1' title="bbox 865 403 924 468; baseline 0 -1"><span class='ocrx_word' id='word_1_1' title='bbox 865 403 924 468; x_wconf 76' lang='lat'>126</span> 
     </span>
    </p>
   </div>
   <div class='ocr_carea' id='block_1_2' title="bbox 333 581 1450 770">
    <p class='ocr_par' dir='ltr' id='par_1_2' title="bbox 333 581 1450 770">
     <span class='ocr_line' id='line_1_2' title="bbox 334 581 1450 672; baseline -0.003 -22"><span class='ocrx_word' id='word_1_2' title='bbox 334 605 471 672; x_wconf 92' lang='lat' dir='ltr'>quorum</span> <span class='ocrx_word' id='word_1_3' title='bbox 509 583 633 650; x_wconf 88' lang='lat' dir='ltr'>formae</span> <span class='ocrx_word' id='word_1_4' title='bbox 660 582 827 650; x_wconf 77' lang='lat' dir='ltr'>derivatae</span> <span class='ocrx_word' id='word_1_5' title='bbox 853 581 958 668; x_wconf 80' lang='lat' dir='ltr'>sigma</span> <span class='ocrx_word' id='word_1_6' title='bbox 985 591 1153 650; x_wconf 79' lang='lat' dir='ltr'><strong>assumant</strong></span> <span class='ocrx_word' id='word_1_7' title='bbox 1188 583 1271 670; x_wconf 88' lang='lat' dir='ltr'>(ipse</span> <span class='ocrx_word' id='word_1_8' title='bbox 1303 583 1450 649; x_wconf 76' lang='lat' dir='ltr'>nominet</span> 
     </span>
     <span class='ocr_line' id='line_1_3' title="bbox 333 673 1450 770; baseline -0.003 -24"><span class='ocrx_word' id='word_1_9' title='bbox 333 673 532 767; x_wconf 77' lang='grc' dir='ltr'><strong><em>ὀνομαστός,</em></strong></span> <span class='ocrx_word' id='word_1_10' title='bbox 562 676 735 766; x_wconf 77' lang='grc' dir='ltr'><strong><em>γελαστός,</em></strong></span> <span class='ocrx_word' id='word_1_11' title='bbox 774 676 932 770; x_wconf 82' lang='grc' dir='ltr'><strong><em>κτιστής),</em></strong></span> <span class='ocrx_word' id='word_1_12' title='bbox 966 682 1124 748; x_wconf 83' lang='lat' dir='ltr'>adverbia</span> <span class='ocrx_word' id='word_1_13' title='bbox 1158 704 1262 769; x_wconf 91' lang='lat' dir='ltr'>neque</span> <span class='ocrx_word' id='word_1_14' title='bbox 1299 683 1335 746; x_wconf 92' lang='lat' dir='ltr'>in</span> <span class='ocrx_word' id='word_1_15' title='bbox 1369 679 1450 744; x_wconf 82' lang='grc' dir='ltr'><em>-δον</em></span> 
     </span>
    </p>
   </div>
   <div class='ocr_carea' id='block_1_3' title="bbox 332 779 1506 870">
    <p class='ocr_par' dir='ltr' id='par_1_3' title="bbox 332 779 1506 870">
     <span class='ocr_line' id='line_1_4' title="bbox 332 779 1506 870; baseline -0.001 -23"><span class='ocrx_word' id='word_1_16' title='bbox 332 803 437 869; x_wconf 89' lang='lat' dir='ltr'>neque</span> <span class='ocrx_word' id='word_1_17' title='bbox 472 783 506 846; x_wconf 90' lang='lat' dir='ltr'>in</span> <span class='ocrx_word' id='word_1_18' title='bbox 534 779 613 868; x_wconf 84' lang='grc' dir='ltr'><em>-δην</em></span> <span class='ocrx_word' id='word_1_19' title='bbox 638 783 817 870; x_wconf 86' lang='lat' dir='ltr'>proficisci,</span> <span class='ocrx_word' id='word_1_20' title='bbox 847 780 1005 847; x_wconf 79' lang='lat' dir='ltr'><strong>refellitur</strong></span> <span class='ocrx_word' id='word_1_21' title='bbox 1036 781 1101 846; x_wconf 88' lang='lat' dir='ltr'>illis</span> <span class='ocrx_word' id='word_1_22' title='bbox 1134 803 1217 866; x_wconf 90' lang='lat' dir='ltr'>quae</span> <span class='ocrx_word' id='word_1_23' title='bbox 1252 803 1353 868; x_wconf 80' lang='lat' dir='ltr'>supra</span> <span class='ocrx_word' id='word_1_24' title='bbox 1388 803 1449 846; x_wconf 89' lang='lat' dir='ltr'>suo</span> <span class='ocrx_word' id='word_1_25' title='bbox 1501 819 1506 824; x_wconf 94' lang='lat'>·</span> 
     </span>
    </p>
   </div>
   <div class='ocr_carea' id='block_1_4' title="bbox 258 873 1453 2364">
    <p class='ocr_par' dir='ltr' id='par_1_4' title="bbox 258 873 1453 2364">
     <span class='ocr_line' id='line_1_5' title="bbox 333 873 1452 968; baseline -0.001 -24"><span class='ocrx_word' id='word_1_26' title='bbox 333 879 403 947; x_wconf 93' lang='lat' dir='ltr'>loco</span> <span class='ocrx_word' id='word_1_27' title='bbox 426 889 500 946; x_wconf 89' lang='lat' dir='ltr'>sunt</span> <span class='ocrx_word' id='word_1_28' title='bbox 521 881 660 968; x_wconf 86' lang='lat' dir='ltr'>prolata.</span> <span class='ocrx_word' id='word_1_29' title='bbox 681 882 743 960; x_wconf 81' lang='lat' dir='ltr'>(Of.</span> <span class='ocrx_word' id='word_1_30' title='bbox 766 876 993 968; x_wconf 69' lang='grc' dir='ltr'><strong><em>ἔπισπαοτήρ,</em></strong></span> <span class='ocrx_word' id='word_1_31' title='bbox 1021 873 1106 945; x_wconf 77' lang='grc' dir='ltr'>ἀνά·</span> <span class='ocrx_word' id='word_1_32' title='bbox 1133 873 1452 964; x_wconf 74' lang='grc' dir='ltr'><strong><em>ἕπλ-νευρόσπαστος</em></strong></span> 
     </span>
     <span class='ocr_line' id='line_1_6' title="bbox 333 969 1450 1066; baseline -0.003 -21"><span class='ocrx_word' id='word_1_33' title='bbox 333 989 391 1046; x_wconf 88' lang='lat' dir='ltr'>ete.</span> <span class='ocrx_word' id='word_1_34' title='bbox 415 1017 455 1026; x_wconf 98' lang='lat'><em>-</em></span> <span class='ocrx_word' id='word_1_35' title='bbox 474 975 734 1062; x_wconf 76' lang='grc' dir='ltr'><strong><em>ἐμπελαστικῶς,</em></strong></span> <span class='ocrx_word' id='word_1_36' title='bbox 758 975 953 1066; x_wconf 73' lang='grc' dir='ltr'><strong><em>ἐπελάσθην</em></strong></span> <span class='ocrx_word' id='word_1_37' title='bbox 973 990 1033 1050; x_wconf 88' lang='lat' dir='ltr'>etc.</span> <span class='ocrx_word' id='word_1_38' title='bbox 1053 1015 1096 1030; x_wconf 88' lang='lat'>--</span> <span class='ocrx_word' id='word_1_39' title='bbox 1117 974 1305 1066; x_wconf 69' lang='grc' dir='ltr'><strong><em>ἐψαύσλλην,</em></strong></span> <span class='ocrx_word' id='word_1_40' title='bbox 1337 969 1450 1065; x_wconf 66' lang='lat' dir='ltr'>diwan-</span> 
     </span>
     <span class='ocr_line' id='line_1_7' title="bbox 332 1072 1450 1168; baseline 0.001 -25"><span class='ocrx_word' id='word_1_41' title='bbox 332 1097 409 1156; x_wconf 83' lang='grc' dir='ltr'><strong><em>στος</em></strong></span> <span class='ocrx_word' id='word_1_42' title='bbox 429 1089 543 1146; x_wconf 86' lang='lat' dir='ltr'>etc.-</span> <span class='ocrx_word' id='word_1_43' title='bbox 555 1075 686 1160; x_wconf 81' lang='grc' dir='ltr'><strong><em>σχιστός</em></strong></span> <span class='ocrx_word' id='word_1_44' title='bbox 706 1091 766 1148; x_wconf 89' lang='lat' dir='ltr'>etc.</span> <span class='ocrx_word' id='word_1_45' title='bbox 789 1076 1003 1168; x_wconf 73' lang='grc' dir='ltr'><strong><em>ἐνοσφλσθην,</em></strong></span> <span class='ocrx_word' id='word_1_46' title='bbox 1025 1073 1204 1168; x_wconf 78' lang='grc' dir='ltr'><strong><em>νοσφιστής</em></strong></span> <span class='ocrx_word' id='word_1_47' title='bbox 1217 1087 1298 1160; x_wconf 80' lang='lat' dir='ltr'>eto).</span> <span class='ocrx_word' id='word_1_48' title='bbox 1340 1079 1379 1144; x_wconf 90' lang='lat' dir='ltr'>In</span> <span class='ocrx_word' id='word_1_49' title='bbox 1395 1072 1450 1162; x_wconf 76' lang='grc' dir='ltr'>βύ-</span> 
     </span>
     <span class='ocr_line' id='line_1_8' title="bbox 334 1174 1451 1270; baseline 0 -29"><span class='ocrx_word' id='word_1_50' title='bbox 334 1175 390 1266; x_wconf 83' lang='grc' dir='ltr'>ζην</span> <span class='ocrx_word' id='word_1_51' title='bbox 416 1189 525 1246; x_wconf 87' lang='lat' dir='ltr'>autem</span> <span class='ocrx_word' id='word_1_52' title='bbox 553 1190 585 1245; x_wconf 92' lang='lat' dir='ltr'>et</span> <span class='ocrx_word' id='word_1_53' title='bbox 610 1174 726 1263; x_wconf 79' lang='grc' dir='ltr'><strong><em>βυζόν,</em></strong></span> <span class='ocrx_word' id='word_1_54' title='bbox 763 1202 849 1270; x_wconf 78' lang='lat' dir='ltr'>quae</span> <span class='ocrx_word' id='word_1_55' title='bbox 875 1180 944 1248; x_wconf 89' lang='lat' dir='ltr'>sola</span> <span class='ocrx_word' id='word_1_56' title='bbox 973 1202 1045 1246; x_wconf 89' lang='lat' dir='ltr'>esse</span> <span class='ocrx_word' id='word_1_57' title='bbox 1066 1189 1205 1267; x_wconf 86' lang='lat' dir='ltr'>excepta</span> <span class='ocrx_word' id='word_1_58' title='bbox 1233 1179 1327 1262; x_wconf 88' lang='lat' dir='ltr'>dicit,</span> <span class='ocrx_word' id='word_1_59' title='bbox 1358 1177 1451 1243; x_wconf 81' lang='lat' dir='ltr'>aliud</span> 
     </span>
     <span class='ocr_line' id='line_1_9' title="bbox 258 1277 1450 1370; baseline -0.003 -26"><span class='ocrx_word' id='word_1_60' title='bbox 258 1360 263 1370; x_wconf 20' lang='grc' dir='ltr'>ἱ</span> <span class='ocrx_word' id='word_1_61' title='bbox 333 1277 498 1366; x_wconf 84' lang='lat' dir='ltr'><strong>quoddam</strong></span> <span class='ocrx_word' id='word_1_62' title='bbox 521 1281 673 1346; x_wconf 87' lang='lat' dir='ltr'>suffixum</span> <span class='ocrx_word' id='word_1_63' title='bbox 687 1280 908 1369; x_wconf 77' lang='lat' dir='ltr'>quaerendum</span> <span class='ocrx_word' id='word_1_64' title='bbox 917 1279 1057 1346; x_wconf 87' lang='lat' dir='ltr'>videtur.</span> <span class='ocrx_word' id='word_1_65' title='bbox 1099 1278 1340 1367; x_wconf 89' lang='lat' dir='ltr'>Imprudentius</span> <span class='ocrx_word' id='word_1_66' title='bbox 1361 1278 1450 1342; x_wconf 91' lang='lat' dir='ltr'>enim</span> 
     </span>
     <span class='ocr_line' id='line_1_10' title="bbox 332 1377 1450 1470; baseline -0.004 -27"><span class='ocrx_word' id='word_1_67' title='bbox 332 1378 429 1444; x_wconf 90' lang='lat' dir='ltr'>hodie</span> <span class='ocrx_word' id='word_1_68' title='bbox 448 1388 561 1464; x_wconf 88' lang='lat' dir='ltr'>ageret</span> <span class='ocrx_word' id='word_1_69' title='bbox 579 1402 640 1445; x_wconf 90' lang='lat' dir='ltr'>neo</span> <span class='ocrx_word' id='word_1_70' title='bbox 662 1383 730 1445; x_wconf 91' lang='lat' dir='ltr'>sine</span> <span class='ocrx_word' id='word_1_71' title='bbox 750 1380 881 1447; x_wconf 88' lang='lat' dir='ltr'>levitate</span> <span class='ocrx_word' id='word_1_72' title='bbox 896 1378 1048 1470; x_wconf 83' lang='lat' dir='ltr'>quadam,</span> <span class='ocrx_word' id='word_1_73' title='bbox 1071 1381 1125 1465; x_wconf 93' lang='lat' dir='ltr'>qui</span> <span class='ocrx_word' id='word_1_74' title='bbox 1144 1377 1328 1460; x_wconf 78' lang='lat' dir='ltr'>remilium,</span> <span class='ocrx_word' id='word_1_75' title='bbox 1350 1397 1450 1463; x_wconf 86' lang='lat' dir='ltr'>quam</span> 
     </span>
     <span class='ocr_line' id='line_1_11' title="bbox 332 1477 1452 1567; baseline -0.003 -24"><span class='ocrx_word' id='word_1_76' title='bbox 332 1479 383 1543; x_wconf 84' lang='lat' dir='ltr'>vir</span> <span class='ocrx_word' id='word_1_77' title='bbox 406 1477 605 1545; x_wconf 87' lang='lat' dir='ltr'>clarissimus</span> <span class='ocrx_word' id='word_1_78' title='bbox 633 1477 830 1546; x_wconf 90' lang='lat' dir='ltr'>confidenter</span> <span class='ocrx_word' id='word_1_79' title='bbox 850 1479 982 1567; x_wconf 91' lang='lat' dir='ltr'>quidem</span> <span class='ocrx_word' id='word_1_80' title='bbox 1009 1478 1067 1544; x_wconf 88' lang='lat' dir='ltr'>sed</span> <span class='ocrx_word' id='word_1_81' title='bbox 1094 1479 1293 1566; x_wconf 79' lang='lat' dir='ltr'><strong>argumentis</strong></span> <span class='ocrx_word' id='word_1_82' title='bbox 1315 1477 1452 1541; x_wconf 90' lang='lat' dir='ltr'>minime</span> 
     </span>
     <span class='ocr_line' id='line_1_12' title="bbox 332 1575 1453 1668; baseline -0.001 -27"><span class='ocrx_word' id='word_1_83' title='bbox 332 1577 489 1662; x_wconf 86' lang='lat' dir='ltr'>gravibus</span> <span class='ocrx_word' id='word_1_84' title='bbox 520 1577 676 1644; x_wconf 89' lang='lat' dir='ltr'>decernit·</span> <span class='ocrx_word' id='word_1_85' title='bbox 693 1588 724 1643; x_wconf 90' lang='lat' dir='ltr'>et</span> <span class='ocrx_word' id='word_1_86' title='bbox 752 1602 836 1668; x_wconf 89' lang='lat' dir='ltr'>quae</span> <span class='ocrx_word' id='word_1_87' title='bbox 864 1579 1039 1646; x_wconf 90' lang='lat' dir='ltr'>multorum</span> <span class='ocrx_word' id='word_1_88' title='bbox 1065 1587 1097 1644; x_wconf 92' lang='lat' dir='ltr'>et</span> <span class='ocrx_word' id='word_1_89' title='bbox 1125 1577 1288 1665; x_wconf 89' lang='lat' dir='ltr'>quondam</span> <span class='ocrx_word' id='word_1_90' title='bbox 1315 1575 1389 1643; x_wconf 92' lang='lat' dir='ltr'>tulit</span> <span class='ocrx_word' id='word_1_91' title='bbox 1421 1583 1453 1640; x_wconf 93' lang='lat' dir='ltr'>et</span> 
     </span>
     <span class='ocr_line' id='line_1_13' title="bbox 333 1673 1451 1764; baseline -0.001 -23"><span class='ocrx_word' id='word_1_92' title='bbox 333 1675 439 1743; x_wconf 89' lang='lat' dir='ltr'>adhuc</span> <span class='ocrx_word' id='word_1_93' title='bbox 460 1675 523 1743; x_wconf 86' lang='lat' dir='ltr'>fert</span> <span class='ocrx_word' id='word_1_94' title='bbox 545 1679 776 1762; x_wconf 76' lang='lat' dir='ltr'>assensionem,</span> <span class='ocrx_word' id='word_1_95' title='bbox 799 1675 917 1758; x_wconf 58' lang='lat' dir='ltr'>{illud</span> <span class='ocrx_word' id='word_1_96' title='bbox 936 1690 1042 1746; x_wconf 91' lang='lat' dir='ltr'>ortum</span> <span class='ocrx_word' id='word_1_97' title='bbox 1062 1699 1134 1744; x_wconf 87' lang='lat' dir='ltr'>esse</span> <span class='ocrx_word' id='word_1_98' title='bbox 1156 1701 1198 1744; x_wconf 86' lang='lat' dir='ltr'>ex</span> <span class='ocrx_word' id='word_1_99' title='bbox 1218 1673 1287 1760; x_wconf 84' lang='lat' dir='ltr'>o-d,</span> <span class='ocrx_word' id='word_1_100' title='bbox 1310 1699 1371 1764; x_wconf 89' lang='lat' dir='ltr'>pro</span> <span class='ocrx_word' id='word_1_101' title='bbox 1393 1699 1451 1740; x_wconf 89' lang='lat' dir='ltr'>ex·</span> 
     </span>
     <span class='ocr_line' id='line_1_14' title="bbox 332 1775 1453 1864; baseline 0 -24"><span class='ocrx_word' id='word_1_102' title='bbox 332 1775 460 1862; x_wconf 84' lang='lat' dir='ltr'>plorata</span> <span class='ocrx_word' id='word_1_103' title='bbox 481 1777 623 1844; x_wconf 87' lang='lat' dir='ltr'>haberet.</span> <span class='ocrx_word' id='word_1_104' title='bbox 663 1777 708 1844; x_wconf 88' lang='lat' dir='ltr'>At</span> <span class='ocrx_word' id='word_1_105' title='bbox 730 1799 808 1844; x_wconf 90' lang='lat' dir='ltr'>vero</span> <span class='ocrx_word' id='word_1_106' title='bbox 834 1777 897 1845; x_wconf 90' lang='lat' dir='ltr'>hoc</span> <span class='ocrx_word' id='word_1_107' title='bbox 923 1781 1056 1846; x_wconf 89' lang='lat' dir='ltr'>minime</span> <span class='ocrx_word' id='word_1_108' title='bbox 1080 1781 1128 1844; x_wconf 89' lang='lat' dir='ltr'>ita</span> <span class='ocrx_word' id='word_1_109' title='bbox 1156 1800 1228 1843; x_wconf 89' lang='lat' dir='ltr'>esse</span> <span class='ocrx_word' id='word_1_110' title='bbox 1257 1775 1453 1864; x_wconf 85' lang='lat' dir='ltr'>planissime</span> 
     </span>
     <span class='ocr_line' id='line_1_15' title="bbox 331 1876 1451 1945; baseline -0.001 -6"><span class='ocrx_word' id='word_1_111' title='bbox 331 1897 416 1940; x_wconf 89' lang='lat' dir='ltr'>nunc</span> <span class='ocrx_word' id='word_1_112' title='bbox 436 1877 620 1943; x_wconf 86' lang='lat' dir='ltr'>testimonia</span> <span class='ocrx_word' id='word_1_113' title='bbox 642 1876 783 1943; x_wconf 88' lang='lat' dir='ltr'>clamant</span> <span class='ocrx_word' id='word_1_114' title='bbox 804 1900 877 1944; x_wconf 92' lang='lat' dir='ltr'>cum</span> <span class='ocrx_word' id='word_1_115' title='bbox 897 1878 939 1944; x_wconf 89' lang='lat' dir='ltr'>ab</span> <span class='ocrx_word' id='word_1_116' title='bbox 961 1878 1035 1945; x_wconf 87' lang='lat' dir='ltr'>aliis</span> <span class='ocrx_word' id='word_1_117' title='bbox 1053 1890 1122 1944; x_wconf 92' lang='lat' dir='ltr'>tum</span> <span class='ocrx_word' id='word_1_118' title='bbox 1144 1900 1164 1943; x_wconf 93' lang='lat' dir='ltr'>a</span> <span class='ocrx_word' id='word_1_119' title='bbox 1186 1876 1396 1943; x_wconf 84' lang='lat' dir='ltr'>Schleichero</span> <span class='ocrx_word' id='word_1_120' title='bbox 1419 1883 1451 1939; x_wconf 92' lang='lat' dir='ltr'>et</span> 
     </span>
     <span class='ocr_line' id='line_1_16' title="bbox 333 1975 1453 2066; baseline -0.001 -26"><span class='ocrx_word' id='word_1_121' title='bbox 333 1975 446 2042; x_wconf 83' lang='lat' dir='ltr'>Curtio</span> <span class='ocrx_word' id='word_1_122' title='bbox 468 1976 599 2064; x_wconf 89' lang='lat' dir='ltr'>prolata</span> <span class='ocrx_word' id='word_1_123' title='bbox 619 1985 651 2041; x_wconf 92' lang='lat' dir='ltr'>et</span> <span class='ocrx_word' id='word_1_124' title='bbox 667 1976 838 2064; x_wconf 85' lang='lat' dir='ltr'>illustrata,</span> <span class='ocrx_word' id='word_1_125' title='bbox 861 2001 944 2066; x_wconf 90' lang='lat' dir='ltr'>quae</span> <span class='ocrx_word' id='word_1_126' title='bbox 967 1980 995 2044; x_wconf 92' lang='lat' dir='ltr'>si</span> <span class='ocrx_word' id='word_1_127' title='bbox 1007 1979 1223 2044; x_wconf 89' lang='lat' dir='ltr'>Buttmannus</span> <span class='ocrx_word' id='word_1_128' title='bbox 1232 1977 1304 2066; x_wconf 87' lang='lat' dir='ltr'>jam</span> <span class='ocrx_word' id='word_1_129' title='bbox 1319 1975 1453 2062; x_wconf 87' lang='lat' dir='ltr'>cognita</span> 
     </span>
     <span class='ocr_line' id='line_1_17' title="bbox 332 2067 1451 2165; baseline -0.001 -25"><span class='ocrx_word' id='word_1_130' title='bbox 332 2075 509 2160; x_wconf 83' lang='lat' dir='ltr'>habuisset,</span> <span class='ocrx_word' id='word_1_131' title='bbox 530 2078 587 2142; x_wconf 86' lang='lat' dir='ltr'>vix</span> <span class='ocrx_word' id='word_1_132' title='bbox 612 2075 725 2142; x_wconf 91' lang='lat' dir='ltr'>dubito</span> <span class='ocrx_word' id='word_1_133' title='bbox 752 2079 830 2164; x_wconf 92' lang='lat' dir='ltr'>quin</span> <span class='ocrx_word' id='word_1_134' title='bbox 860 2077 970 2165; x_wconf 86' lang='lat' dir='ltr'>paullo</span> <span class='ocrx_word' id='word_1_135' title='bbox 998 2067 1092 2145; x_wconf 84' lang='lat' dir='ltr'>aliter</span> <span class='ocrx_word' id='word_1_136' title='bbox 1115 2077 1155 2144; x_wconf 91' lang='lat' dir='ltr'>de</span> <span class='ocrx_word' id='word_1_137' title='bbox 1183 2083 1257 2143; x_wconf 84' lang='lat' dir='ltr'>zeta</span> <span class='ocrx_word' id='word_1_138' title='bbox 1277 2075 1366 2142; x_wconf 89' lang='lat' dir='ltr'>illius</span> <span class='ocrx_word' id='word_1_139' title='bbox 1390 2075 1451 2140; x_wconf 89' lang='lat' dir='ltr'>ori·</span> 
     </span>
     <span class='ocr_line' id='line_1_18' title="bbox 332 2175 1452 2260; baseline 0 -21"><span class='ocrx_word' id='word_1_140' title='bbox 332 2175 407 2260; x_wconf 87' lang='lat' dir='ltr'>gine</span> <span class='ocrx_word' id='word_1_141' title='bbox 435 2177 610 2242; x_wconf 79' lang='lat' dir='ltr'>statuisset.</span> <span class='ocrx_word' id='word_1_142' title='bbox 658 2176 933 2244; x_wconf 84' lang='lat' dir='ltr'>Demonstrarunt</span> <span class='ocrx_word' id='word_1_143' title='bbox 960 2181 1045 2244; x_wconf 92' lang='lat' dir='ltr'>enim</span> <span class='ocrx_word' id='word_1_144' title='bbox 1073 2179 1137 2244; x_wconf 87' lang='lat' dir='ltr'>viri</span> <span class='ocrx_word' id='word_1_145' title='bbox 1164 2175 1345 2244; x_wconf 84' lang='lat' dir='ltr'>doctissimi</span> <span class='ocrx_word' id='word_1_146' title='bbox 1377 2181 1452 2240; x_wconf 84' lang='lat' dir='ltr'>neta</span> 
     </span>
     <span class='ocr_line' id='line_1_19' title="bbox 333 2261 1452 2364; baseline 0 -27"><span class='ocrx_word' id='word_1_147' title='bbox 333 2275 523 2360; x_wconf 88' lang='lat' dir='ltr'>saepissime</span> <span class='ocrx_word' id='word_1_148' title='bbox 543 2277 621 2362; x_wconf 95' lang='lat' dir='ltr'>poni</span> <span class='ocrx_word' id='word_1_149' title='bbox 634 2261 695 2363; x_wconf 88' lang='lat' dir='ltr'>pro</span> <span class='ocrx_word' id='word_1_150' title='bbox 718 2273 752 2339; x_wconf 82' lang='lat' dir='ltr'>dt</span> <span class='ocrx_word' id='word_1_151' title='bbox 768 2272 804 2358; x_wconf 68' lang='grc' dir='ltr'>δ’]</span> <span class='ocrx_word' id='word_1_152' title='bbox 819 2279 871 2355; x_wconf 85' lang='lat' dir='ltr'>(cf.</span> <span class='ocrx_word' id='word_1_153' title='bbox 889 2274 1040 2364; x_wconf 65' lang='lat' dir='ltr'>mpod-jor</span> <span class='ocrx_word' id='word_1_154' title='bbox 1057 2308 1097 2332; x_wconf 95' lang='lat'><strong><em>=</em></strong></span> <span class='ocrx_word' id='word_1_155' title='bbox 1109 2274 1261 2364; x_wconf 83' lang='grc' dir='ltr'><em>φραό-ιω</em></span> <span class='ocrx_word' id='word_1_156' title='bbox 1278 2304 1320 2331; x_wconf 94' lang='lat'>=</span> <span class='ocrx_word' id='word_1_157' title='bbox 1333 2269 1452 2362; x_wconf 82' lang='grc' dir='ltr'><em>φράζω</em></span> 
     </span>
    </p>
   </div>
   <div class='ocr_carea' id='block_1_5' title="bbox 333 2369 1529 2466">
    <p class='ocr_par' dir='ltr' id='par_1_5' title="bbox 333 2369 1529 2466">
     <span class='ocr_line' id='line_1_20' title="bbox 333 2369 1529 2466; baseline 0.001 -29"><span class='ocrx_word' id='word_1_158' title='bbox 333 2373 427 2452; x_wconf 68' lang='lat' dir='ltr'>sliat·</span> <span class='ocrx_word' id='word_1_159' title='bbox 461 2373 558 2454; x_wconf 74' lang='lat' dir='ltr'>Quod·</span> <span class='ocrx_word' id='word_1_160' title='bbox 578 2397 677 2466; x_wconf 89' lang='lat' dir='ltr'>quum</span> <span class='ocrx_word' id='word_1_161' title='bbox 699 2377 746 2442; x_wconf 87' lang='lat' dir='ltr'>ita</span> <span class='ocrx_word' id='word_1_162' title='bbox 767 2379 818 2461; x_wconf 88' lang='lat' dir='ltr'>sit,</span> <span class='ocrx_word' id='word_1_163' title='bbox 840 2400 934 2443; x_wconf 90' lang='lat' dir='ltr'>nemo</span> <span class='ocrx_word' id='word_1_164' title='bbox 959 2401 1023 2443; x_wconf 93' lang='lat' dir='ltr'>non</span> <span class='ocrx_word' id='word_1_165' title='bbox 1051 2376 1207 2442; x_wconf 89' lang='lat' dir='ltr'>concedet</span> <span class='ocrx_word' id='word_1_166' title='bbox 1227 2369 1329 2460; x_wconf 78' lang='grc' dir='ltr'>βύζην</span> <span class='ocrx_word' id='word_1_167' title='bbox 1351 2376 1451 2462; x_wconf 86' lang='lat' dir='ltr'>origi-</span> <span class='ocrx_word' id='word_1_168' title='bbox 1528 2395 1529 2438; x_wconf 82' lang='lat'><em>3</em></span> 
     </span>
    </p>
   </div>
   <div class='ocr_carea' id='block_1_6' title="bbox 271 2469 1454 3259">
    <p class='ocr_par' dir='ltr' id='par_1_6' title="bbox 330 2469 1454 2756">
     <span class='ocr_line' id='line_1_21' title="bbox 332 2469 1454 2564; baseline 0.002 -29"><span class='ocrx_word' id='word_1_169' title='bbox 332 2494 406 2536; x_wconf 92' lang='lat' dir='ltr'>nem</span> <span class='ocrx_word' id='word_1_170' title='bbox 434 2475 576 2538; x_wconf 85' lang='lat' dir='ltr'>traxisse</span> <span class='ocrx_word' id='word_1_171' title='bbox 603 2498 624 2540; x_wconf 88' lang='lat' dir='ltr'>a</span> <span class='ocrx_word' id='word_1_172' title='bbox 650 2473 805 2562; x_wconf 59' lang='lat' dir='ltr'>rodae-v</span> <span class='ocrx_word' id='word_1_173' title='bbox 825 2473 994 2564; x_wconf 68' lang='lat' dir='ltr'>dv-djo-v&#39;,</span> <span class='ocrx_word' id='word_1_174' title='bbox 1025 2477 1201 2564; x_wconf 88' lang='lat' dir='ltr'>eodemque</span> <span class='ocrx_word' id='word_1_175' title='bbox 1227 2473 1324 2541; x_wconf 91' lang='lat' dir='ltr'>modo</span> <span class='ocrx_word' id='word_1_176' title='bbox 1353 2469 1454 2558; x_wconf 77' lang='grc' dir='ltr'>βυζὸν</span> 
     </span>
     <span class='ocr_line' id='line_1_22' title="bbox 334 2568 1453 2664; baseline 0.006 -31"><span class='ocrx_word' id='word_1_177' title='bbox 334 2593 354 2634; x_wconf 86' lang='lat' dir='ltr'>a</span> <span class='ocrx_word' id='word_1_178' title='bbox 372 2568 518 2654; x_wconf 62' lang='lat' dir='ltr'>dedeo-v</span> <span class='ocrx_word' id='word_1_179' title='bbox 537 2571 701 2656; x_wconf 70' lang='lat' dir='ltr'>flo-djo-r,</span> <span class='ocrx_word' id='word_1_180' title='bbox 728 2585 760 2640; x_wconf 92' lang='lat' dir='ltr'>et</span> <span class='ocrx_word' id='word_1_181' title='bbox 785 2585 957 2662; x_wconf 89' lang='lat' dir='ltr'>utrumque</span> <span class='ocrx_word' id='word_1_182' title='bbox 984 2586 1131 2664; x_wconf 86' lang='lat' dir='ltr'>spectare</span> <span class='ocrx_word' id='word_1_183' title='bbox 1161 2598 1225 2642; x_wconf 91' lang='lat' dir='ltr'>non</span> <span class='ocrx_word' id='word_1_184' title='bbox 1247 2574 1291 2640; x_wconf 91' lang='lat' dir='ltr'>ad</span> <span class='ocrx_word' id='word_1_185' title='bbox 1313 2574 1453 2640; x_wconf 87' lang='lat' dir='ltr'>verbum</span> 
     </span>
     <span class='ocr_line' id='line_1_23' title="bbox 330 2664 741 2756; baseline 0.017 -23"><span class='ocrx_word' id='word_1_186' title='bbox 330 2664 427 2754; x_wconf 83' lang='grc' dir='ltr'><strong><em>βύζω,</em></strong></span> <span class='ocrx_word' id='word_1_187' title='bbox 449 2671 508 2737; x_wconf 89' lang='lat' dir='ltr'>sed</span> <span class='ocrx_word' id='word_1_188' title='bbox 528 2674 571 2739; x_wconf 89' lang='lat' dir='ltr'>ad</span> <span class='ocrx_word' id='word_1_189' title='bbox 592 2667 741 2756; x_wconf 80' lang='grc' dir='ltr'><em>βυ-νέ-ω.</em></span> 
     </span>
    </p>

    <p class='ocr_par' dir='ltr' id='par_1_7' title="bbox 271 2770 1454 3259">
     <span class='ocr_line' id='line_1_24' title="bbox 414 2770 1454 2866; baseline 0.001 -30"><span class='ocrx_word' id='word_1_190' title='bbox 414 2771 582 2839; x_wconf 85' lang='lat' dir='ltr'>Invenitur</span> <span class='ocrx_word' id='word_1_191' title='bbox 612 2783 720 2840; x_wconf 88' lang='lat' dir='ltr'>autem</span> <span class='ocrx_word' id='word_1_192' title='bbox 747 2770 845 2857; x_wconf 77' lang='grc' dir='ltr'>βυζὸν</span> <span class='ocrx_word' id='word_1_193' title='bbox 875 2775 963 2863; x_wconf 88' lang='lat' dir='ltr'>apud</span> <span class='ocrx_word' id='word_1_194' title='bbox 995 2775 1196 2866; x_wconf 82' lang='lat' dir='ltr'>Hesychium</span> <span class='ocrx_word' id='word_1_195' title='bbox 1218 2775 1275 2859; x_wconf 92' lang='lat' dir='ltr'>qui</span> <span class='ocrx_word' id='word_1_196' title='bbox 1306 2773 1454 2862; x_wconf 77' lang='lat' dir='ltr'>explieat</span> 
     </span>
     <span class='ocr_line' id='line_1_25' title="bbox 271 2865 1453 2960; baseline 0.003 -27"><span class='ocrx_word' id='word_1_197' title='bbox 271 2876 273 2880; x_wconf 81' lang='grc'>’</span> <span class='ocrx_word' id='word_1_198' title='bbox 330 2865 445 2953; x_wconf 81' lang='grc' dir='ltr'>βυζόν·</span> <span class='ocrx_word' id='word_1_199' title='bbox 468 2865 602 2957; x_wconf 79' lang='grc' dir='ltr'><strong><em>πυκνόν,</em></strong></span> <span class='ocrx_word' id='word_1_200' title='bbox 625 2867 768 2938; x_wconf 68' lang='grc' dir='ltr'>συνετόν.</span> <span class='ocrx_word' id='word_1_201' title='bbox 791 2876 913 2960; x_wconf 74' lang='grc' dir='ltr'><em>γαῦρον</em></span> <span class='ocrx_word' id='word_1_202' title='bbox 935 2871 1049 2940; x_wconf 77' lang='grc' dir='ltr'><strong><em>δὲκαὶ</em></strong></span> <span class='ocrx_word' id='word_1_203' title='bbox 1070 2869 1165 2958; x_wconf 77' lang='grc' dir='ltr'><strong><em>μέγα.</em></strong></span> <span class='ocrx_word' id='word_1_204' title='bbox 1208 2874 1382 2940; x_wconf 83' lang='lat' dir='ltr'>Feminina</span> <span class='ocrx_word' id='word_1_205' title='bbox 1396 2873 1453 2938; x_wconf 86' lang='lat' dir='ltr'>illa</span> 
     </span>
     <span class='ocr_line' id='line_1_26' title="bbox 329 2965 1451 3062; baseline 0.001 -26"><span class='ocrx_word' id='word_1_206' title='bbox 329 2971 436 3036; x_wconf 83' lang='lat' dir='ltr'>forms</span> <span class='ocrx_word' id='word_1_207' title='bbox 456 2965 562 3058; x_wconf 80' lang='grc' dir='ltr'>βύζην·</span> <span class='ocrx_word' id='word_1_208' title='bbox 579 2972 756 3061; x_wconf 78' lang='lat' dir='ltr'>(Hesychio</span> <span class='ocrx_word' id='word_1_209' title='bbox 780 2965 912 3050; x_wconf 75' lang='grc' dir='ltr'><strong><em>ἱκανῶς,</em></strong></span> <span class='ocrx_word' id='word_1_210' title='bbox 938 2965 1084 3058; x_wconf 71' lang='grc' dir='ltr'><strong><em>ἀθρόως,</em></strong></span> <span class='ocrx_word' id='word_1_211' title='bbox 1107 2971 1279 3062; x_wconf 79' lang='grc' dir='ltr'><strong><em>δαψιλῶς,</em></strong></span> <span class='ocrx_word' id='word_1_212' title='bbox 1303 2973 1451 3049; x_wconf 79' lang='grc' dir='ltr'><strong><em>πυκνῶς,</em></strong></span> 
     </span>
     <span class='ocr_line' id='line_1_27' title="bbox 330 3060 1453 3162; baseline 0.002 -28"><span class='ocrx_word' id='word_1_213' title='bbox 330 3065 536 3158; x_wconf 76' lang='grc' dir='ltr'><strong><em>ἐπαλλήλως.</em></strong></span> <span class='ocrx_word' id='word_1_214' title='bbox 557 3063 739 3161; x_wconf 74' lang='grc' dir='ltr'>ἢπληρῶς)</span> <span class='ocrx_word' id='word_1_215' title='bbox 760 3060 970 3162; x_wconf 75' lang='lat' dir='ltr'>Thucydides</span> <span class='ocrx_word' id='word_1_216' title='bbox 992 3083 1021 3158; x_wconf 83' lang='lat'>4,</span> <span class='ocrx_word' id='word_1_217' title='bbox 1038 3079 1067 3158; x_wconf 88' lang='grc'>8,</span> <span class='ocrx_word' id='word_1_218' title='bbox 1084 3081 1113 3157; x_wconf 88' lang='grc'>7,</span> <span class='ocrx_word' id='word_1_219' title='bbox 1135 3071 1357 3162; x_wconf 78' lang='lat' dir='ltr'>Hippocrates</span> <span class='ocrx_word' id='word_1_220' title='bbox 1381 3079 1407 3138; x_wconf 85' lang='lat'>1.</span> <span class='ocrx_word' id='word_1_221' title='bbox 1421 3095 1453 3158; x_wconf 91' lang='lat' dir='ltr'>p.</span> 
     </span>
     <span class='ocr_line' id='line_1_28' title="bbox 329 3169 1339 3259; baseline 0.002 -23"><span class='ocrx_word' id='word_1_222' title='bbox 329 3175 390 3240; x_wconf 87' lang='grc'>388</span> <span class='ocrx_word' id='word_1_223' title='bbox 410 3169 462 3252; x_wconf 80' lang='lat' dir='ltr'>K.</span> <span class='ocrx_word' id='word_1_224' title='bbox 480 3171 640 3239; x_wconf 87' lang='lat' dir='ltr'>Arrianus</span> <span class='ocrx_word' id='word_1_225' title='bbox 662 3173 757 3242; x_wconf 88' lang='lat' dir='ltr'>Alex.</span> <span class='ocrx_word' id='word_1_226' title='bbox 776 3175 838 3242; x_wconf 85' lang='lat' dir='ltr'>An.</span> <span class='ocrx_word' id='word_1_227' title='bbox 865 3183 891 3259; x_wconf 85' lang='lat'>1,</span> <span class='ocrx_word' id='word_1_228' title='bbox 914 3178 971 3259; x_wconf 76' lang='lat'>203</span> <span class='ocrx_word' id='word_1_229' title='bbox 993 3180 1023 3258; x_wconf 83' lang='lat'>2,</span> <span class='ocrx_word' id='word_1_230' title='bbox 1044 3179 1084 3243; x_wconf 77' lang='lat'>20</span> <span class='ocrx_word' id='word_1_231' title='bbox 1106 3172 1162 3238; x_wconf 86' lang='lat' dir='ltr'>alii</span> <span class='ocrx_word' id='word_1_232' title='bbox 1182 3175 1233 3238; x_wconf 86' lang='lat' dir='ltr'>usi</span> <span class='ocrx_word' id='word_1_233' title='bbox 1255 3179 1339 3238; x_wconf 86' lang='lat' dir='ltr'>sunt.</span> 
     </span>
    </p>
   </div>
   <div class='ocr_carea' id='block_1_7' title="bbox 638 3337 1156 3408">
    <p class='ocr_par' dir='ltr' id='par_1_8' title="bbox 638 3337 1156 3408">
     <span class='ocr_line' id='line_1_29' title="bbox 638 3337 1156 3408; baseline 0.006 -15"><span class='ocrx_word' id='word_1_234' title='bbox 638 3343 662 3406; x_wconf 58' lang='grc' dir='ltr'>ἦ.</span> <span class='ocrx_word' id='word_1_235' title='bbox 681 3342 705 3394; x_wconf 88' lang='grc'>3.</span> <span class='ocrx_word' id='word_1_236' title='bbox 739 3339 791 3395; x_wconf 82' lang='lat' dir='ltr'>De</span> <span class='ocrx_word' id='word_1_237' title='bbox 806 3339 994 3395; x_wconf 75' lang='lat' dir='ltr'>adverbiis</span> <span class='ocrx_word' id='word_1_238' title='bbox 1010 3337 1156 3408; x_wconf 63' lang='lat' dir='ltr'>iet-dtas.</span> 
     </span>
    </p>
   </div>
   <div class='ocr_carea' id='block_1_8' title="bbox 274 3470 1453 4158">
    <p class='ocr_par' dir='ltr' id='par_1_9' title="bbox 274 3470 1453 4158">
     <span class='ocr_line' id='line_1_30' title="bbox 411 3470 1452 3564; baseline -0.001 -26"><span class='ocrx_word' id='word_1_239' title='bbox 411 3471 476 3538; x_wconf 88' lang='lat' dir='ltr'>Via</span> <span class='ocrx_word' id='word_1_240' title='bbox 491 3473 563 3561; x_wconf 88' lang='lat' dir='ltr'>jam</span> <span class='ocrx_word' id='word_1_241' title='bbox 597 3473 764 3560; x_wconf 79' lang='lat' dir='ltr'>patefacte</span> <span class='ocrx_word' id='word_1_242' title='bbox 785 3485 834 3540; x_wconf 87' lang='lat' dir='ltr'>est</span> <span class='ocrx_word' id='word_1_243' title='bbox 868 3497 933 3564; x_wconf 86' lang='lat' dir='ltr'>qua</span> <span class='ocrx_word' id='word_1_244' title='bbox 957 3475 1085 3564; x_wconf 88' lang='lat' dir='ltr'>possint</span> <span class='ocrx_word' id='word_1_245' title='bbox 1113 3473 1178 3540; x_wconf 84' lang='lat' dir='ltr'>alia</span> <span class='ocrx_word' id='word_1_246' title='bbox 1207 3471 1373 3562; x_wconf 86' lang='lat' dir='ltr'>quaedam</span> <span class='ocrx_word' id='word_1_247' title='bbox 1397 3470 1452 3538; x_wconf 86' lang='lat' dir='ltr'>ad·</span> 
     </span>
     <span class='ocr_line' id='line_1_31' title="bbox 329 3569 1452 3662; baseline 0 -26"><span class='ocrx_word' id='word_1_248' title='bbox 329 3571 450 3636; x_wconf 87' lang='lat' dir='ltr'>verbiis</span> <span class='ocrx_word' id='word_1_249' title='bbox 472 3573 506 3637; x_wconf 94' lang='lat' dir='ltr'>in</span> <span class='ocrx_word' id='word_1_250' title='bbox 524 3569 618 3658; x_wconf 78' lang='grc' dir='ltr'><strong><em>-δην,</em></strong></span> <span class='ocrx_word' id='word_1_251' title='bbox 652 3573 693 3638; x_wconf 92' lang='lat' dir='ltr'>de</span> <span class='ocrx_word' id='word_1_252' title='bbox 721 3573 837 3660; x_wconf 87' lang='lat' dir='ltr'>quibus</span> <span class='ocrx_word' id='word_1_253' title='bbox 869 3596 971 3662; x_wconf 86' lang='lat' dir='ltr'>supra</span> <span class='ocrx_word' id='word_1_254' title='bbox 993 3573 1248 3640; x_wconf 88' lang='lat' dir='ltr'>demonstratum</span> <span class='ocrx_word' id='word_1_255' title='bbox 1270 3581 1328 3655; x_wconf 87' lang='lat' dir='ltr'>est,</span> <span class='ocrx_word' id='word_1_256' title='bbox 1352 3571 1452 3636; x_wconf 89' lang='lat' dir='ltr'>simil-</span> 
     </span>
     <span class='ocr_line' id='line_1_32' title="bbox 327 3665 1452 3762; baseline 0.001 -27"><span class='ocrx_word' id='word_1_257' title='bbox 327 3670 406 3735; x_wconf 84' lang='lat' dir='ltr'>lima</span> <span class='ocrx_word' id='word_1_258' title='bbox 428 3680 460 3736; x_wconf 90' lang='lat' dir='ltr'>et</span> <span class='ocrx_word' id='word_1_259' title='bbox 480 3672 744 3760; x_wconf 88' lang='lat' dir='ltr'>conjunctissima</span> <span class='ocrx_word' id='word_1_260' title='bbox 763 3675 916 3762; x_wconf 89' lang='lat' dir='ltr'>perspici.</span> <span class='ocrx_word' id='word_1_261' title='bbox 956 3665 1146 3760; x_wconf 77' lang='grc' dir='ltr'>Ἀμφαδίην</span> <span class='ocrx_word' id='word_1_262' title='bbox 1166 3673 1261 3738; x_wconf 89' lang='lat' dir='ltr'>Hom.</span> <span class='ocrx_word' id='word_1_263' title='bbox 1281 3671 1378 3736; x_wconf 85' lang='lat' dir='ltr'>11.H</span> <span class='ocrx_word' id='word_1_264' title='bbox 1395 3676 1452 3738; x_wconf 82' lang='lat'>196</span> 
     </span>
     <span class='ocr_line' id='line_1_33' title="bbox 329 3765 1453 3858; baseline -0.004 -22"><span class='ocrx_word' id='word_1_265' title='bbox 329 3774 362 3830; x_wconf 89' lang='grc' dir='ltr'><em>Ν</em></span> <span class='ocrx_word' id='word_1_266' title='bbox 383 3775 443 3838; x_wconf 91' lang='grc'>336</span> <span class='ocrx_word' id='word_1_267' title='bbox 467 3769 528 3836; x_wconf 90' lang='lat' dir='ltr'>Od.</span> <span class='ocrx_word' id='word_1_268' title='bbox 556 3793 572 3834; x_wconf 84' lang='grc' dir='ltr'><em>ε</em></span> <span class='ocrx_word' id='word_1_269' title='bbox 603 3777 660 3840; x_wconf 78' lang='lat'>120</span> <span class='ocrx_word' id='word_1_270' title='bbox 690 3772 763 3838; x_wconf 90' lang='lat' dir='ltr'>dico</span> <span class='ocrx_word' id='word_1_271' title='bbox 792 3781 823 3838; x_wconf 91' lang='lat' dir='ltr'>et</span> <span class='ocrx_word' id='word_1_272' title='bbox 850 3765 981 3858; x_wconf 77' lang='grc' dir='ltr'><em>σχεδίην</em></span> <span class='ocrx_word' id='word_1_273' title='bbox 1001 3771 1097 3839; x_wconf 92' lang='lat' dir='ltr'>Hom.</span> <span class='ocrx_word' id='word_1_274' title='bbox 1122 3771 1159 3839; x_wconf 85' lang='lat'>11.</span> <span class='ocrx_word' id='word_1_275' title='bbox 1186 3771 1296 3842; x_wconf 73' lang='lat' dir='ltr'>Esto</span> <span class='ocrx_word' id='word_1_276' title='bbox 1316 3769 1390 3836; x_wconf 87' lang='lat' dir='ltr'>Nic.</span> <span class='ocrx_word' id='word_1_277' title='bbox 1414 3767 1453 3834; x_wconf 88' lang='lat' dir='ltr'>al.</span> 
     </span>
     <span class='ocr_line' id='line_1_34' title="bbox 274 3863 1453 3960; baseline 0 -23"><span class='ocrx_word' id='word_1_278' title='bbox 274 3912 278 3920; x_wconf 81' lang='lat'><em>·</em></span> <span class='ocrx_word' id='word_1_279' title='bbox 328 3874 367 3938; x_wconf 87' lang='lat'>88</span> <span class='ocrx_word' id='word_1_280' title='bbox 397 3871 531 3957; x_wconf 90' lang='lat' dir='ltr'>ejusque</span> <span class='ocrx_word' id='word_1_281' title='bbox 552 3871 766 3960; x_wconf 87' lang='lat' dir='ltr'>compositum</span> <span class='ocrx_word' id='word_1_282' title='bbox 788 3863 1000 3956; x_wconf 76' lang='grc' dir='ltr'><em>αὐτοσχεδίην</em></span> <span class='ocrx_word' id='word_1_283' title='bbox 1022 3870 1119 3938; x_wconf 90' lang='lat' dir='ltr'>Hom.</span> <span class='ocrx_word' id='word_1_284' title='bbox 1142 3869 1178 3937; x_wconf 89' lang='lat'>11.</span> <span class='ocrx_word' id='word_1_285' title='bbox 1200 3871 1244 3933; x_wconf 84' lang='lat' dir='ltr'><strong><em>M</em></strong></span> <span class='ocrx_word' id='word_1_286' title='bbox 1266 3876 1323 3938; x_wconf 83' lang='lat'>192</span> <span class='ocrx_word' id='word_1_287' title='bbox 1344 3871 1375 3932; x_wconf 90' lang='lat' dir='ltr'>P</span> <span class='ocrx_word' id='word_1_288' title='bbox 1392 3871 1453 3937; x_wconf 79' lang='lat'>294</span> 
     </span>
     <span class='ocr_line' id='line_1_35' title="bbox 328 3965 1452 4060; baseline -0.003 -25"><span class='ocrx_word' id='word_1_289' title='bbox 328 3967 390 4036; x_wconf 88' lang='lat' dir='ltr'>Od.</span> <span class='ocrx_word' id='word_1_290' title='bbox 411 3968 430 4032; x_wconf 87' lang='grc' dir='ltr'><strong><em>λ</em></strong></span> <span class='ocrx_word' id='word_1_291' title='bbox 453 3975 513 4039; x_wconf 85' lang='grc'>535</span> <span class='ocrx_word' id='word_1_292' title='bbox 536 3978 568 4036; x_wconf 90' lang='lat' dir='ltr'>et</span> <span class='ocrx_word' id='word_1_293' title='bbox 588 3965 811 4057; x_wconf 70' lang='grc' dir='ltr'><strong><em>προφθαδίην</em></strong></span> <span class='ocrx_word' id='word_1_294' title='bbox 832 3972 935 4039; x_wconf 89' lang='lat' dir='ltr'>Noun.</span> <span class='ocrx_word' id='word_1_295' title='bbox 963 3996 1032 4060; x_wconf 85' lang='lat' dir='ltr'>par.</span> <span class='ocrx_word' id='word_1_296' title='bbox 1055 3979 1109 4055; x_wconf 84' lang='lat'>16,</span> <span class='ocrx_word' id='word_1_297' title='bbox 1130 3978 1170 4040; x_wconf 85' lang='grc'>64</span> <span class='ocrx_word' id='word_1_298' title='bbox 1196 4006 1238 4019; x_wconf 84' lang='grc'><strong>-</strong></span> <span class='ocrx_word' id='word_1_299' title='bbox 1265 3970 1361 4058; x_wconf 82' lang='lat' dir='ltr'>plura</span> <span class='ocrx_word' id='word_1_300' title='bbox 1389 3991 1452 4034; x_wconf 89' lang='lat' dir='ltr'>non</span> 
     </span>
     <span class='ocr_line' id='line_1_36' title="bbox 326 4069 1453 4158; baseline -0.002 -24"><span class='ocrx_word' id='word_1_301' title='bbox 326 4071 435 4135; x_wconf 90' lang='lat' dir='ltr'>inveni</span> <span class='ocrx_word' id='word_1_302' title='bbox 456 4107 497 4117; x_wconf 99' lang='lat'>—</span> <span class='ocrx_word' id='word_1_303' title='bbox 519 4071 574 4158; x_wconf 92' lang='lat' dir='ltr'>qui</span> <span class='ocrx_word' id='word_1_304' title='bbox 604 4071 838 4158; x_wconf 85' lang='lat' dir='ltr'>adjectivorum</span> <span class='ocrx_word' id='word_1_305' title='bbox 861 4074 981 4158; x_wconf 86' lang='lat' dir='ltr'>partim</span> <span class='ocrx_word' id='word_1_306' title='bbox 1008 4072 1217 4158; x_wconf 85' lang='lat' dir='ltr'>superstitum</span> <span class='ocrx_word' id='word_1_307' title='bbox 1246 4071 1364 4157; x_wconf 78' lang='lat' dir='ltr'>partim</span> <span class='ocrx_word' id='word_1_308' title='bbox 1395 4069 1453 4132; x_wconf 89' lang='lat' dir='ltr'>de-</span> 
     </span>
    </p>
   </div>
   <div class='ocr_carea' id='block_1_9' title="bbox 0 0 1540 4962">
    <p class='ocr_par' dir='ltr' id='par_1_10' title="bbox 0 0 1540 4962">
     <span class='ocr_line' id='line_1_37' title="bbox 0 0 1540 4962; baseline 0 0"><span class='ocrx_word' id='word_1_309' title='bbox 0 0 1540 4962; x_wconf 95' lang='lat' dir='ltr'> </span> 
     </span>
    </p>
   </div>
  </div>
 </body>
</html>
