3148 4958
690 387 730 452 39

145 561 351 649 primitivum
387 559 559 652 Τεύθραν-
561 589 598 644 ος
629 564 729 632 fuisse
759 565 903 653 videtur,
942 569 1059 638 deinde
1091 571 1145 662 adJ'
1148 583 1221 640 eota
1254 599 1272 640 τ

143 661 267 746 littera,
293 685 377 752 quae
398 666 538 731 fortasse
560 689 601 732 ex
634 687 673 730 uo
701 671 832 734 eonoisa
862 678 920 752 est,
947 675 1138 753 Tretous-s
1164 674 1272 742 thema

146 770 257 827 ortum
281 785 361 830 esse.
403 763 511 853 Atque
531 767 609 832 item
632 767 807 832 deformis
831 777 866 834 ut
896 767 991 834 teor·
991 792 1010 833 τ
1029 781 1061 836 et
1082 767 1210 849 λέαινα,
1234 781 1271 840 ut

146 877 306 944 σημαναι
328 872 360 928 et
392 867 538 949 σημαίνω
567 866 783 954 judicandum
815 890 887 934 esse
919 868 1050 936 Curtius
1079 871 1131 949 (K.
1151 873 1192 938 Z.
1213 873 1268 938 IV.
1389 861 1392 872 ’

146 983 180 1046 p.
209 965 283 1039 214)
319 964 465 1051 oonjeoit.
508 965 622 1053 Itaque
658 967 754 1032 etiarn
789 969 957 1056 participii
988 973 1170 1057 praesentis
1203 985 1271 1035 arr-t

148 1059 308 1127 suffixum
337 1062 416 1128 nihil
445 1062 627 1130 aliudesse
656 1063 815 1150 videtur,
831 1067 895 1132 nisi
918 1091 959 1130 oo
973 1067 1158 1153 .suffixum,
1185 1071 1273 1159 quod

146 1183 210 1247 per
236 1173 248 1223 t
271 1162 393 1226 sivetu
415 1162 647 1250 amplificatum
671 1166 720 1231 sit.

212 1259 289 1326 Huo
316 1269 441 1348 spectet
471 1262 709 1350 quodammodo
731 1262 899 1346 Κρειῦνδ
908 1288 949 1329 αι
979 1265 1115 1333 Theoor.
1149 1274 1195 1350 16,
1219 1261 1269 1351 39,

145 1361 242 1448 cujus
266 1363 467 1448 primitivum
490 1357 606 1446 Κρέων
629 1357 810 1443 Koron-oo
837 1374 902 1430 est:
932 1365 1018 1454 quod
1046 1365 1177 1454 quidem
1205 1389 1271 1433 non

145 1469 216 1525 tam
239 1483 260 1525 a
282 1462 398 1544 Κριων
419 1461 561 1528 themate
583 1462 711 1529 derivat
698 1473 774 1541 t,um
797 1487 893 1552 quam
915 1487 956 1530 ex
978 1468 1061 1531 reoti
1076 1490 1171 1534 oasus
1186 1466 1270 1534 falsa

144 1559 302 1647 analogia
317 1561 513 1628 Boeotorum
534 1563 661 1630 ratione
684 1561 727 1628 ad
749 1563 934 1651 exemplum
957 1565 1286 1670 andronymioorum·

145 1669 184 1724 ut
201 1651 361 1742 ζΑβριαν-
362 1660 420 1736 δας
439 1661 612 1728 formatum
635 1671 684 1728 est
705 1663 754 1739 (of.
776 1666 806 1743 ,6.
829 1670 891 1744 m).

205 1764 236 1842 ξ.
260 1765 308 1828 40.
330 1761 415 1826 Bina
436 1763 682 1848 primitivorum
707 1762 849 1828 themata
877 1762 928 1828 his
957 1765 1200 1850 patronymiois
1213 1763 1269 1830 ad·

139 1858 326 1946 judioanda
338 1881 409 1926 esse
422 1859 588 1926 videntur:
613 1852 663 1924 A
669 1863 772 1942 vesp
782 1853 872 1944 ι’δης
892 1864 924 1925 Δ
936 1868 995 1931 488
1018 1863 1068 1939 (of.
1082 1869 1165 1946 473),
1179 1864 1211 1926 A
1216 1886 1267 1930 sv-

143 1951 320 2044 καλίδη,
348 1961 392 2022 Μ
416 1966 486 2038 117,
518 1963 554 2022 Ν
578 1966 653 2044 307,
676 1963 706 2024 P
724 1966 799 2043 608,
822 1961 884 2048 Ap.
907 1961 968 2026 Rh.
991 1958 1011 2024 d
1037 1967 1113 2047 266,
1142 1952 1268 2029 'Hast-

146 2055 167 2120 6
174 2080 222 2142 ης
245 2079 330 2123 orae.
344 2081 396 2146 ap.
408 2058 531 2126 Herod.
547 2067 575 2142 5,
597 2063 648 2143 92,
661 2067 690 2143 5,
712 2060 828 2147 quibus
850 2060 908 2126 filii
920 2052 1164 2141 Ἀνθεμίωνος,
1181 2061 1268 2124 Δει-

143 2150 319 2235 καλίωνος,
343 2150 520 2234 Ἠετίωνος
542 2159 774 2246 signifioautur.
820 2159 903 2226 Nam
925 2159 1006 2224 haee
1027 2183 1068 2226 ex
1088 2152 1269 2241 ’Λνθεμιω-

145 2249 243 2342 νίδης
262 2268 322 2324 eto.
352 2260 483 2326 concisa
512 2269 641 2324 esseut
667 2261 809 2348 antiquis
831 2259 1023 2346 quibusdam
1045 2261 1269 2346 grammaticis

144 2356 321 2423 videbatur
342 2359 393 2436 (of.
415 2357 521 2424 Bokk.
541 2357 656 2424 aneod.
677 2381 710 2446 p.
730 2364 806 2442 849,
830 2359 937 2426 Oram.
960 2359 1073 2424 anecd.
1094 2382 1127 2447 p.
1149 2365 1219 2436 347,
1233 2366 1269 2442 3,

144 2456 288 2544 Gregor.
310 2457 456 2526 Corinth.
477 2479 512 2546 p.
534 2465 609 2542 460,
631 2457 670 2523 Ε.
692 2457 737 2523 Μ.
759 2481 792 2544 p.
818 2464 885 2541 109,
907 2462 941 2542 83
967 2457 1116 2525 Eustath.
1139 2483 1172 2545 p.
1194 2464 1266 2542 933,

144 2563 210 2637 52),
241 2565 355 2623 nostra
384 2567 490 2624 aetate
516 2579 610 2622 nemo
646 2556 710 2622 sibi
737 2557 957 2644 persuadebit.
1013 2559 1127 2647 Itaque
1155 2581 1266 2626 omnes

142 2657 215 2722 fere
238 2655 324 2724 dooti
343 2657 500 2740 homines,
519 2658 604 2722 inter
627 2681 707 2746 quos
737 2659 886 2744 inprimis
908 2657 1093 2724 Lobeokius
1116 2657 1218 2745 (path.
1240 2659 1265 2725 1.

142 2779 177 2844 p.
205 2760 289 2840 393),
317 2756 475 2824 scholium
503 2755 547 2822 ad
569 2760 604 2818 N
623 2763 683 2824 307
705 2753 940 2842 (menstruo
964 2748 1033 2820 ἀπὸ
1053 2759 1116 2822 ταῦ
1138 2754 1266 2822 Λεύκα-

142 2853 216 2938 λος)
243 2858 344 2922 seouti
370 2857 600 2944 patronymica
623 2878 640 2921 e
661 2855 868 2922 brevioribus
895 2847 1078 2922 thematis'
1078 2849 1262 2938 Ἀνθεμος,

143 2941 324 3039 Asbotos,
347 2948 471 3033 ’Ἠετος
502 2956 712 3044 repetierunt.
760 2955 954 3044 Quanquam
986 2957 1071 3021 enim
1102 2956 1265 3043 longiores
1349 2950 1353 2958 ’

142 3067 273 3124 tantum
293 3057 417 3123 formae
437 3065 587 3120 servatae
608 3065 690 3139 sunt,
713 3055 827 3144 quidni
847 3064 957 3120 tumen
985 3077 1057 3120 oum
1079 3064 1111 3120 et
1132 3055 1213 3132 Ζεύς
1234 3067 1266 3122 et

144 3159 217 3243 Ζῆν
238 3158 271 3233 (i.
295 3178 322 3222 e.
345 3152 511 3235 Ajed-cet
529 3147 676 3234 Δι’Ὲ-ᾶν)
698 3163 814 3243 poetae
835 3154 990 3220 homerioi
1012 3157 1201 3242 usurparint
1234 3165 1266 3220 et

144 3252 315 3330 Λεύκαλος
335 3264 368 3320 et
388 3247 581 3319 Δευκαλίων
603 3253 809 3322 exstiterint?
853 3251 999 3336 Accedit,
1022 3253 1109 3341 quod
1128 3255 1264 3320 nomini·
1325 3269 1328 3274 '

144 3357 208 3422 bus
237 3357 272 3420 in
302 3376 363 3418 ιαν
392 3355 636 3442 hypocoristioa
665 3353 825 3444 quaedam
852 3354 903 3418 vis
931 3351 973 3418 ab
995 3353 1134 3442 antiquis
1156 3376 1263 3440 gram-

144 3455 275 3522 maticis
297 3453 452 3520 tribuitur
473 3455 526 3533 (of.
548 3453 704 3520 Eustath.
727 3477 758 3542 p.
781 3459 859 3537 518,
882 3459 943 3530 25).
985 3452 1097 3534 Quare
1119 3454 1174 3540 qui
1193 3475 1263 3520 mos

144 3555 339 3622 nostratium
367 3563 438 3620 erat
463 3553 573 3620 media
594 3563 719 3639 aetate,
741 3555 799 3620 uni
819 3552 988 3640 eidemque
1015 3551 1138 3618 homini
1157 3561 1190 3617 et
1208 3575 1264 3620 no-

144 3675 222 3720 men
238 3655 439 3741 primitivum
461 3663 493 3720 et
514 3653 601 3743 quod
623 3677 664 3719 ex
680 3677 717 3720 ao
740 3651 922 3720 derivatum
941 3660 1011 3718 erat
997 3650 1263 3718 tdeminutivum

144 3756 333 3840 imponere,
360 3765 397 3820 ut
384 3758 564 3818 tHeiors'ot
586 3762 619 3818 et
638 3758 758 3831 Hezilo,
790 3753 930 3841 quodam
952 3751 1049 3816 modo
1079 3753 1263 3838 comparari

146 3863 334 3942 potest-
292 3853 384 3918 E
404 3853 611 3920 brevrorrbus
632 3863 773 3919 autemt
760 3851 911 3918 thematis
933 3851 1014 3916 haee
1035 3853 1263 3938 patronymica

147 3954 191 4019 ob
213 3975 284 4018 eam
305 3975 440 4018 oausam
460 3953 559 4019 ducta
580 3977 652 4019 esse
672 3953 784 4018 vident
771 3961 839 4034 t,ur
866 3949 951 4040 quod
973 3959 1048 4038 poet
1049 3973 1088 4016 ae
1035 3949 1260 4016 thomerioi

146 4077 169 4120 a
190 4053 303 4120 formis
327 4051 439 4141 quales
461 4050 747 4137 Δινκαλιωνιάδης
768 4087 809 4098 -
829 4074 905 4116 nam
927 4073 944 4116 e
965 4049 1168 4136 longioribus
1194 4050 1260 4115 the-
