3056 4968
595 447 654 514 ¹59

40 684 43 690 .
74 624 189 692 Ludov.
206 625 376 695 Schwabei
391 624 511 694 librum
532 623 572 690 de
595 625 803 696 deminutivis
823 623 881 692 Gr.
896 635 928 692 et
943 621 1015 692 Lat
1039 645 1070 709 p.
1081 627 1134 700 38)
1145 636 1176 688 et

74 722 153 809 quod
181 726 214 788 in
235 733 405 811 poetarum
438 727 638 793 scenicorum
665 725 777 812 lingua
801 749 837 788 ea
864 731 946 788 illam
968 723 1019 788 vel
1041 746 1076 785 ea
1096 722 1201 786 11111111Ι

72 824 298 888 contrahuntur
317 825 352 888 in
374 830 472 900 ellum,
500 830 594 888 etlam.
638 822 734 902 Quod
756 847 833 890 vero
856 824 992 888 forsitan
1016 824 1177 909 quispiam

71 920 231 1006 obiecerit,
249 925 283 988 in
296 922 396 988 verbo
411 929 497 985 ellum
518 924 714 1008 geminatam
736 945 806 987 esse
826 923 981 1010 liquidam
1004 930 1176 1007 propterea

72 1020 153 1105 quod
167 1023 279 1086 iamin
293 1021 393 1086 verbo
409 1027 490 1084 illam
504 1024 589 1098 insit,
604 1014 666 1086 lioo
681 1021 760 1086 nulli
776 1032 825 1086 est
840 1023 1025 1095 offensioni3
1041 1044 1082 1085 ex
1097 1023 1176 1085 iam-

71 1117 139 1182 bioe
161 1122 244 1184 enim
267 1139 418 1184 mensura
438 1120 531 1185 verbi
559 1125 640 1182 illam
662 1143 688 1184 e.
711 1145 742 1205 g.
764 1121 868 1185 Plaut.
891 1120 954 1186 mil.
978 1121 1056 1206 glor.
1082 1126 1175 1186 1231:

127 1223 223 1298 Spero
244 1225 292 1282 ea
303 1226 639 1301 steteruntqadnqaam
663 1220 748 1281 illum
776 1223 888 1280 multa!
910 1223 966 1280 sibi
992 1223 1178 1299 superessent

69 1327 219 1402 apparet,
252 1334 350 1381 unam
378 1326 503 1382 tantum
532 1333 706 1385 eonsonam
725 1325 736 1380 t
757 1320 1002 1406 pronuntiatam
1028 1327 1060 1382 et
1088 1317 1176 1381 audi-

68 1424 131 1479 tam
152 1415 263 1481 fuisse.
311 1415 365 1480 Ex
396 1418 548 1496 *anellum
579 1418 680 1502 igitur
707 1419 829 1482 fautum
852 1426 900 1480 est
927 1423 1011 1479 ellam
1032 1418 1083 1492 (es.
1106 1417 1178 1480 Bri-

67 1515 171 1598 xium,
207 1515 311 1602 praef.
344 1514 387 1579 ad
419 1514 564 1580 Trinum.
595 1539 628 1602 p.
658 1521 723 1598 18),
758 1517 814 1582 ubl
849 1516 995 1581 relictam
1026 1516 1176 1581 videmus

68 1614 341 1696 assimilationem,
364 1635 447 1700 quae
468 1625 599 1680 non-est
620 1629 750 1680 servata
765 1617 799 1679 in
814 1621 898 1677 ilico:
921 1614 1022 1679 altera
1043 1621 1055 1676 l
1075 1617 1177 1679 eiecta

66 1723 111 1776 est
140 1724 172 1777 et
201 1721 317 1799 postea
351 1713 654 1800 „antepaenultima
681 1735 842 1799 nunquam
871 1735 934 1778 non
964 1714 1177 1798 producitur“

65 1811 221 1898 (prolegg.
245 1811 288 1876 ad
309 1811 356 1878 Pt
380 1836 410 1898 p.
431 1812 581 1891 OXXII).

575 1983 605 2061 e.
630 1986 677 2048 rs.

123 2092 178 2158 Ab
201 2093 298 2160 huius
320 2092 550 2180 disputationis
577 2093 710 2160 oonsilio
731 2079 908 2159 abhorrent
932 2093 1041 2157 omnia
1062 2113 1101 2156 ea
1121 2115 1177 2158 vo

62 2191 179 2256 usbida
207 2194 242 2256 in
270 2192 387 2279 qrribus
416 2216 437 2254 n
465 2193 588 2257 excidit
614 2202 689 2260 ante
719 2192 905 2258 sibilantem
926 2215 948 2256 s.
992 2191 1075 2256 Nam
1105 2211 1177 2256 eum

62 2289 148 2357 Guil.
174 2291 370 2356 Schmitnius
392 2290 503 2356 multis
526 2293 629 2373 musei
652 2291 800 2356 Rhenani
821 2291 901 2356 loeis
922 2290 1045 2372 docuit,
1068 2313 1177 2356 omnes
1276 2303 1281 2316 '

62 2390 194 2456 vocales
229 2403 303 2454 ante
332 2415 368 2452 as
397 2389 554 2476 producte
587 2412 657 2454 esse
687 2392 932 2475 pronuntiatas,
967 2399 1036 2454 tum
1066 2399 1179 2476 aperte

62 2487 179 2554 Cicero
203 2493 327 2564 (orator
351 2496 391 2558 48
414 2493 444 2570 ξ.
470 2495 540 2568 159)
567 2491 819 2576 praepositionis
845 2497 877 2551 iu
898 2489 1045 2554 vocalem
1068 2499 1178 2556 antes

61 2587 235 2652 confirmat
256 2587 387 2673 longam
409 2595 490 2653 esse.

124 2687 242 2772 Neque
263 2687 325 2752 huo
347 2689 502 2773 pertinet:

125 2787 275 2864 iseros¹⁷)
302 2785 373 2864 (afr.
400 2787 498 2850 inser.
528 2785 584 2851 Or.
614 2785 718 2851 Henz.
742 2809 773 2850 11.
797 2791 889 2864 7341)
921 2808 984 2874 qua
1013 2788 1046 2850 in
1075 2788 1179 2852 forma

113 3021 157 3086 17)
184 3019 294 3084 inferus
317 3020 346 3070 et
362 3017 471 3085 infimus
499 3015 554 3070 iam
571 3015 696 3088 Boppius
714 3017 868 3086 composuit
886 3033 948 3070 eum
969 3017 1025 3072 Ser.
1045 3019 1178 3086 adieras,

61 3103 218 3168 addamus,
245 3101 281 3154 ad
305 3115 387 3170 quam
411 3100 577 3154 sententiam
599 3100 811 3154 sustentandam
828 3099 979 3156 Corssenus
1001 3100 1100 3171 (symb.
1120 3102 1178 3156 erit.

59 3202 84 3254 p.
112 3189 164 3240 198
184 3186 235 3256 sq.)
255 3183 379 3237 exhibuit
394 3182 511 3240 formam
530 3185 633 3254 iseros,
658 3199 691 3236 ex
709 3199 778 3254 qua,
803 3200 865 3240 omn
885 3184 988 3240 nasalis
1005 3202 1062 3238 non
1081 3185 1179 3238 nitere-

58 3272 106 3320 tur
119 3267 309 3338 etymologiea
321 3267 494 3336 auctoritate,
514 3265 634 3320 eluceret
647 3286 663 3318 11
678 3265 797 3320 litteram
811 3267 910 3322 dimitti
926 3267 1057 3338 potuisse.
1087 3267 1179 3322 Aliam

60 3351 188 3404 loannes
215 3349 381 3405 Schmidtius
408 3351 480 3404 viam
507 3345 653 3422 'ingressus
680 3355 721 3404 est
749 3349 866 3418 (Kuhnii
895 3352 988 3406 annal.
1013 3351 1068 3406 XV
1094 3353 1180 3422 [1866]

57 3451 85 3504 p.
109 3437 180 3502 158.)
209 3433 258 3488 sed
281 3449 409 3488 successu
434 3449 533 3506 parum
552 3433 634 3488 felici.
669 3433 815 3488 Existimat
841 3435 914 3489 enim
938 3437 1047 3502 inferas
1063 3433 1182 3490 Latinos¹

58 3517 166 3572 dixisse
190 3534 243 3587 pro
261 3519 434 3586 *inditarum
452 3520 611 3586 *turmarum
638 3518 842 3587 praepositione
864 3519 968 3573 seilicet
986 3521 1014 3572 in
1030 3519 1180 3572 eoniuneta

59 3618 125 3654 eum
146 3600 256 3654 duobus
276 3602 455 3672 comparativi
472 3599 586 3671 suffixis,
602 3601 721 3670 itemque
738 3602 846 3671 infimas
862 3620 912 3673 pro
931 3605 1096 3671 *imsltr'maa
1113 3603 1179 3656 *tai-

56 3688 167 3740 stimaa.
205 3683 258 3737 Sed
276 3685 305 3738 in
324 3685 417 3740 multis
439 3685 549 3758 quidem
573 3685 714 3740 vocabulis
731 3686 813 3740 modo
836 3685 953 3740 vidimus
968 3707 987 3740 a
1004 3686 1084 3758 quasi
1101 3686 1180 3742 obso-

59 3769 180 3836 levisse,
198 3768 329 3837 quoniam
346 3789 365 3822 a
382 3769 504 3823 omnium
521 3787 649 3824 sonorum
667 3773 732 3823 ante
749 3789 763 3822 a
781 3768 826 3838 (ef.
845 3785 982 3825 anusvara
1000 3769 1179 3840 Samaritam)

59 3855 104 3904 est
124 3851 312 3904 tenuissimus.
339 3854 379 3905 At
396 3854 424 3905 in
437 3853 540 3906 Latina
557 3853 654 3924 lingua
672 3852 755 3906 talem
773 3852 881 3907 litterae
899 3874 913 3908 a
930 3855 1091 3907 eiectionem
1103 3851 1179 3905 nullo

59 3941 143 3989 eerto
163 3936 287 4004 exemplo
301 3938 507 4006 comprobatam
526 3941 554 3990 et
571 3953 633 3990 eum
650 3936 709 4006 ipso
720 3923 839 4008 'lingriae
857 3937 978 4008 ingenio,
997 3937 1079 4006 quale
1097 3953 1180 4006 supra

59 4020 254 4090 exposuimus,
272 4025 454 4090 pugnantem,
473 4037 530 4074 non
541 4019 692 4074 statuerim.
717 4019 788 4073 Aliis
806 4021 899 4090 aisque
911 4021 995 4074 etiam
1007 4020 1179 4090 gravioribus

60 4102 240 4172 argumentis
259 4102 334 4155 illam
355 4102 456 4157 refellit
473 4103 630 4174 opinionem
648 4103 799 4158 Corssenus
824 4105 965 4172 (additam.
985 4104 1045 4160 erit.
1063 4123 1090 4174 p.
1111 4106 1178 4172 192).
