3056 4968
114 745 175 826 Qui
197 745 343 812 diversas
366 747 491 812 formas
507 745 756 835 perlustraverit
771 767 854 830 quae
872 746 906 811 in
921 750 1162 836 manuscriptis

60 853 87 908 et
116 844 382 932 inscriptionibus
418 847 641 933 reperiuntur,
672 843 770 908 facile
803 843 967 931 intelleget
999 846 1163 914 Romanos

59 945 197 1029 quamvis
211 945 244 1010 in
261 943 432 1011 efferendis
448 943 617 1011 vocabulis
634 965 725 1008 suam
737 944 805 1008 fere
815 945 989 1032 unicuique
1006 945 1162 1012 elemento

58 1041 115 1105 vim
135 1041 277 1109 tribuere
300 1042 449 1128 solerent,
473 1066 585 1110 earum
607 1051 716 1107 tamen
738 1063 961 1127 consonarum,
985 1067 1068 1132 quae
1091 1067 1163 1111 oon·

58 1141 177 1206 iunctae
205 1143 340 1208 nimiam
364 1143 527 1231 quandam
555 1141 789 1230 pronuntiandi
819 1133 1040 1210 difficultatem
1071 1166 1163 1230 prae·

57 1237 126 1304 bere
148 1239 363 1325 videbantur,
388 1241 477 1309 haud
500 1261 576 1308 raro
606 1241 729 1306 vitasse
751 1259 951 1307 coneursum.
996 1241 1095 1323 Quod
1114 1245 1163 1310 fa·

57 1345 133 1402 ctum
156 1349 206 1404 est
228 1339 365 1406 duabus
378 1343 582 1428 potissimum
608 1338 799 1405 rationibus.
844 1336 1015 1406 Consonae'
1041 1341 1164 1408 scilieet

57 1447 181 1524 propter
211 1439 294 1504 alias
323 1461 481 1505 consonas
511 1440 563 1505 vel
591 1437 822 1527 subsequentes
854 1437 906 1504 vel
933 1440 1164 1526 praecedentes

56 1548 104 1600 aut
129 1539 350 1620 immutantur,
381 1549 437 1604 aut
463 1561 598 1626 prorsus
628 1537 852 1604 extruduntur.
903 1536 999 1618 Quod
1025 1539 1162 1606 facilita-

55 1637 90 1698 tis
112 1635 252 1702 studium
275 1661 349 1704 cum
370 1637 462 1704 initio
483 1639 651 1725 vulgarem
672 1637 801 1703 dicendi
823 1637 1087 1704 consuetudinem
1108 1653 1161 1706 ‘oc-

56 1746 213 1822 cupasset,
244 1740 343 1802 etiam
365 1735 597 1804 eruditioribus
618 1739 666 1802 ita
687 1736 883 1824 pedetentim
907 1736 1080 1822 probatum
1103 1747 1160 1822 cst,

56 1843 85 1897 ut
111 1835 249 1922 denique
275 1835 310 1900 in
337 1836 518 1904 litterarum
549 1858 642 1903 usum
664 1835 904 1902 transferretur.
955 1834 1161 1924 Quamquam

55 1933 126 1998 haec
147 1935 386 2002 commoditatis
410 1946 441 2001 et
458 1935 628 2002 facilitatis
651 1935 735 2000 ratio
756 1957 823 1999 non
844 1946 978 2020 prorsus
1000 1933 1160 2022 planeque

55 2029 195 2098 obtinuit.
245 2031 336 2099 ‘Cum
377 2036 462 2100 enim
500 2031 559 2122 per
601 2037 691 2122 ipsas
732 2031 806 2098 illas
841 2031 1093 2098 assimilationes
1130 2041 1170 2099 et¹

55 2131 218 2198 electiones
238 2127 393 2198 facillime
422 2133 571 2199 accidere
598 2143 727 2220 posset,
756 2141 791 2196 ut
811 2130 1107 2218 verborum'origo
1130 2143 1161 2197 et

56 2233 182 2318 propria
205 2233 399 2318 significatio
423 2231 660 2315 obliteraretur,
683 2251 914 2316 saepenumero
934 2233 1161 2318 perspicuitati

56 2330 95 2394 ita
127 2331 294 2397 consulere
328 2331 518 2415 studebant,
548 2341 584 2396 ut
614 2331 740 2417 origine
769 2331 877 2416 potius
905 2329 1083 2395 formarum
1111 2350 1160 2394 re·

56 2439 159 2514 specta
186 2430 383 2516 elegantiam
411 2441 507 2516 atque
535 2430 730 2518 euphoniam
757 2428 974 2515 neglegerent.
1010 2427 1160 2495 ¹Intactas

56 2528 157 2613 igitur,
173 2539 209 2594 ut
225 2551 331 2616 panea
346 2530 480 2595 afferam
494 2529 654 2617 exempla,
667 2528 870 2616 reliquerunt
882 2529 1159 2616 praepositionum

54 2624 171 2693 litteras
191 2627 305 2694 finales
328 2638 402 2693 ante
424 2629 526 2694 verba
548 2628 590 2692 ab
613 2627 771 2693 eiusmodi
798 2630 948 2694 consonis
971 2629 1161 2715 incipientia

55 2746 129 2810 quae
155 2728 190 2792 in
213 2729 330 2792 ceteris
357 2727 479 2792 verbis¹
495 2751 568 2793 eum
595 2727 660 2792 illis
687 2749 753 2792 non
777 2729 1062 2812 coniungerentur:
1093 2733 1159 2789 sab-

54 2827 159 2888 mittere
181 2837 246 2892 non
270 2829 457 2892 summittere.
498 2825 580 2892 Item
601 2849 666 2892 non
686 2849 761 2891 raro
792 2825 922 2891 easdem
945 2837 1159 2890 consonarum

55 2925 290 2990 coniunctiones
312 2925 442 2991 diverso
464 2925 560 2992 modo
578 2931 879 2991 commutaverunt:
903 2945 944 2989 ex
965 2923 1054 2986 *uile
1068 2927 1090 3002 ¹)
1113 2925 1158 2989 fe-

55 3033 158 3089 cerunt
179 3027 241 3102 scil,
265 3035 380 3090 contra
401 3047 443 3090 ex
463 3025 546 3087 *viis
565 3045 630 3090 non
652 3023 735 3100 *oia
764 3023 823 3087 sed
844 3021 887 3087 ad
909 3023 1159 3109 exprimendam

54 3117 180 3188 alterius
203 3145 364 3211 personae
384 3132 496 3190 notam
518 3127 572 3189 vis.
903 3189 907 3199 ‚

107 3220 196 3308 Ergo
217 3221 365 3288 videmus
381 3225 421 3288 *in
443 3223 494 3288 his
516 3220 740 3288 affectionibus
768 3219 856 3286 nullo
888 3228 986 3306 p'actc
1007 3238 1105 3284 unam
1128 3231 1160 3285 et

53 3321 182 3386 eandem
215 3321 358 3387 valuisse
388 3343 553 3404 normam,
586 3320 644 3385 sed
678 3319 826 3385 diversas
858 3319 891 3382 in
922 3319 1159 3384 commutandis
1251 3331 1253 3334 ’

52 3418 155 3483 verbis
179 3422 251 3485 vias
274 3433 305 3486 et
325 3423 469 3488 rationes
489 3422 587 3485 initas
610 3442 689 3486 esse.

563 3591 592 3669 §-
614 3594 642 3654 4.

111 3713 260 3783 Duarum
289 3741 523 3802 consonarum,
558 3741 641 3806 quae
671 3719 703 3782 in
735 3715 852 3782 mediis
879 3711 1047 3781 vocabulis
1075 3715 1158 3780 anti-

53 3817 155 3900 quitus
187 3828 432 3901 concurrerant,
468 3838 633 3904 nunquam
663 3821 837 3904 posterior,
873 3814 930 3879 sed
967 3815 1057 3900 prior
1088 3823 1157 3878 tan·

53 3949 254 3964 κ·--------ι

100 4034 122 4101 l)
150 4001 278 4088 Corsseni
307 4007 478 4105 aliorumque
500 4033 640 4087 hominum
668 4033 810 4086 doctorum
833 4030 1024 4084 auctoritatem
1047 4033 1157 4083 secutus

53 4107 141 4168 formis
159 4133 216 4172 non
233 4118 341 4172 usitatis
358 4117 708 4188 massamupmeposm.
1070 4128 1074 4143 ·

102 4209 240 4266 Curtius,
256 4213 357 4256 Studien.
373 4211 393 4255 2.
919 4221 950 4271 10
