3034 4964
873 453 913 514 34

334 631 493 713 admittat,
516 653 559 696 ex
578 627 747 696 Herodoto
770 639 802 698 et
823 651 865 694 ex
886 627 1093 716 Hippocrate
1113 637 1146 694 et
1171 651 1213 694 ex
1235 627 1348 694 ceteris
1367 629 1428 692 scri·

334 730 482 817 ptoribus
502 731 647 816 optimae
669 730 785 795 aetatis
806 726 1017 814 expellendas
1032 751 1103 794 esse
1121 729 1244 794 formas
1266 727 1428 808 distractas,

333 828 397 896 nisi
425 827 513 914 quod
539 849 581 894 ne
602 827 746 893 Homero
777 826 908 915 quidem
937 826 1075 915 aliisque
1102 829 1208 916 poetis
1237 824 1429 892 veterioribus

333 949 389 994 eas
419 927 579 1009 concedo,
610 927 763 1014 quoniam
793 926 856 992 hoc
883 947 970 990 nunc
998 926 1083 992 inter
1104 948 1163 992 nos
1184 925 1282 990 debet
1302 934 1431 990 constare

334 1025 494 1091 eiusmodi
520 1026 733 1093 formationes
755 1027 827 1092 'non
853 1025 954 1090 fuisse
985 1025 1149 1092 subiectas
1181 1033 1349 1110 poetarum
1373 1023 1430 1088 libi·
1500 1043 1501 1064 ³

335 1123 412 1190 dini.
435 1161 476 1172 -
497 1123 584 1190 Ante
605 1126 716 1190 omnia
736 1126 836 1212 igitur
862 1125 1046 1190 accuratius
1067 1126 1102 1190 in
1124 1123 1303 1190 formarum
1321 1123 1430 1188 illarum
1474 1154 1476 1160 ·
1500 1131 1501 1172 t

335 1224 495 1308 originem
515 1224 743 1309 inquirendum
756 1232 814 1289 est.
859 1222 934 1303 Qua
956 1226 1039 1288 inre
1055 1222 1097 1289 (i.
1110 1223 1262 1289 Curtium
1285 1245 1392 1310 sequor
1406 1223 1431 1298 ⁸).

398 1322 452 1388 Ex
474 1323 543 1388 eius
564 1325 651 1390 enim
673 1323 832 1388 sententia
849 1321 983 1404 vocalis,
1006 1345 1103 1406 quam
1126 1323 1340 1409 antiquiorem
1356 1343 1431 1386 usum
1499 1358 1500 1398 J

335 1423 436 1488 secuti
458 1422 676 1509 copulativam
701 1421 821 1506 dicunt,
837 1423 956 1488 rectius
977 1441 1056 1508 pars
1079 1422 1192 1508 stirpis
1213 1419 1363 1486 habenda
1382 1427 1432 1484 est:

334 1524 368 1594 in
391 1523 557 1610 praesenti
579 1519 718 1603 tescaio,
747 1521 781 1586 in
809 1522 930 1588 aoristo
959 1521 1116 1607 primario
1144 1517 1255 1602 tunsus
1275 1523 1309 1598 9).
1349 1521 1393 1586 lta
1412 1518 1433 1582 si

334 1618 527 1703 iudicamus,
550 1619 591 1685 de
609 1619 779 1686 infinitivis
793 1620 858 1686 illis
873 1619 969 1706 longe
983 1619 1077 1686 aliter
1092 1628 1189 1706 atque
1202 1618 1313 1686 adhuc
1331 1619 1431 1684 facturn
1499 1615 1500 1646 ¹

335 1730 393 1804 est,
414 1718 620 1784 statuendum
641 1720 711 1786 erit.
738 1719 838 1786 'Oum
864 1722 950 1784 euim
978 1718 1020 1784 ab
1048 1719 1141 1783 initio
1168 1740 1280 1782 eorum
1302 1717 1433 1782 termina·
1499 1709 1500 1801 J

336 1819 381 1886 tio
402 1824 513 1896 -εν(αι)
535 1817 635 1884 fluisse
656 1818 807 1884 videatur
838 1819 894 1900 (cf.
917 1819 1095 1905 perfectum
1117 1812 1434 1900 yeyos-s'ucs)1⁰),ex
1499 1810 1500 1901 J

335 1914 534 1997 lusae-eves,
564 1915 736 1982 λιπε-εναι
763 1931 842 1983 nata
863 1927 911 1982 est
935 1919 1041 1982 forma
1069 1913 1236 1992 lasne-ev,
1268 1911 1436 1980 isne-eret
1500 1931 1501 1954 t

334 2015 390 2082 illo
413 2039 429 2080 a
450 2039 525 2081 cum
545 2017 652 2082 vocali
673 2017 849 2084 thematica
870 2025 1050 2082 contracto:
1070 2017 1177 2082 forma
1198 2008 1344 2090 λείπειν,
1367 2015 1434 2080 Dor.

334 2114 425 2182 Aeol.
454 2109 574 2202 λείπην
595 2126 627 2181 et
648 2113 773 2193 λιπεῖν,
807 2117 917 2204 trube.
958 2109 1070 2180 astura
1099 2127 1132 2180 et
1159 2109 1258 2178 λιπὲν
1290 2115 1436 2180 formasa

337 2215 532 2302 quibusdam
567 2215 780 2281 Doriensium
814 2224 991 2304 usurpatae
1028 2215 1141 2280 eodem
1177 2214 1248 2280 loco
1283 2211 1436 2282 habendae
1500 2211 1501 2293 J

337 2325 413 2380 sunt
439 2336 479 2379 ac
501 2308 678 2394 Ποιανσιές
707 2313 836 2400 aliaque
861 2314 897 2379 id
916 2336 1020 2400 genus
1049 2314 1091 2393 ab
1112 2314 1276 2380 Ahrensio
1296 2313 1338 2396 H,
1359 2315 1386 2394 ξ.
1405 2317 1433 2377 al
1501 2325 1502 2402 j

335 2423 491 2497 tractata,
519 2412 561 2478 de
582 2405 743 2488 locui-vus,
766 2408 919 2478 urat-ses
936 2422 1044 2478 autem
1064 2413 1151 2478 idem
1172 2412 1377 2480 iudicandum
1398 2420 1436 2475 est
1501 2501 1502 2505 J

223 2540 225 2544 ’
338 2513 425 2600 quod
447 2513 488 2578 de
511 2503 757 2576 craesum-m
779 2522 811 2578 et
832 2511 1000 2578 similibus.
1501 2563 1502 2574 ,

399 2611 443 2678 Et
470 2611 556 2676 hanc
583 2610 720 2678 formam
747 2635 784 2678 re
809 2635 888 2678 vera
913 2611 1139 2699 antiquissimo
1167 2620 1314 2699 ternpore
1338 2614 1370 2676 in
1386 2631 1436 2674 usu

335 2712 437 2776 fuisse
457 2720 609 2776 accentus
637 2710 748 2794 dccet,
779 2711 837 2798 qui
866 2711 930 2776 nisi
950 2712 984 2776 in
1003 2705 1140 2774 λιπέ-εν
1166 2710 1242 2776 olim
1267 2713 1301 2776 in
1322 2707 1436 2798 paenul-

337 2812 426 2893 tima,
449 2831 613 2896 nunquam
635 2811 672 2874 in
691 2807 822 2874 λιπ-εῖν
842 2811 876 2876 in
889 2809 1031 2876 ultimae
1058 2809 1205 2896 syllabae
1228 2832 1322 2876 mora
1342 2809 1437 2897 priore

336 2919 450 2974 acutus
471 2931 542 2974 esse
564 2919 701 2996 poterat.
769 2956 772 2962 -

397 3008 461 3074 His
493 3009 592 3093 igitur
621 3008 755 3075 Curtius
784 3009 864 3076 mihi
896 3008 1137 3074 demonstrasse
1160 3007 1290 3075 videtur
1309 3009 1391 3074 illam
1408 3026 1431 3068 a

336 3105 570 3195 diphthongum
591 3107 625 3172 in
648 3102 779 3172 λιπέειν
797 3130 863 3174 non
877 3117 988 3174 natam
1004 3131 1074 3174 esse
1093 3131 1135 3174 ex
1146 3107 1265 3194 'lingua
1277 3109 1434 3195 genetrice,

404 3355 430 3422 8)
448 3353 530 3408 Hanc
548 3354 715 3408 sententiam
731 3360 896 3425 praeceptor
913 3371 989 3410 meus
1008 3355 1148 3426 quondam
1166 3355 1311 3410 occasione
1329 3353 1388 3408 data
1403 3350 1434 3408 us

334 3437 366 3491 ἐν
384 3435 502 3510 παρόδῳ
521 3453 584 3490 cum
601 3437 682 3492 sociis
699 3438 828 3492 seminari
845 3437 1006 3510 philologici
1023 3439 1242 3494 communicavit.

402 3523 429 3588 9)
446 3517 520 3576 Vide
536 3520 595 3574 eius
622 3522 881 3576 commentationem
902 3523 1075 3594 inscriptam:
1104 3523 1177 3593 „Zur
1198 3521 1375 3594 Ghmnologie
1393 3517 1433 3570 der

334 3603 613 3678 indegermanisehen
636 3604 910 3678 Sprachforschung“
933 3606 992 3660 Des
1012 3607 1046 3664 V.
1064 3607 1177 3662 Bandes
1198 3607 1247 3660 der
1269 3602 1432 3662 Abbaudlun·

335 3703 390 3758 geu
412 3687 462 3742 der
483 3687 859 3760 philologisch-historischen
886 3688 981 3744 Classe
1004 3691 1055 3744 der
1074 3691 1181 3764 kbnigl.
1205 3689 1372 3746 sitehsiscbeu
1386 3683 1431 3738 Ge

339 3769 482 3825 sellschaft
504 3772 553 3826 der
575 3772 816 3827 wissenschaften
839 3773 886 3830 Nr'.
909 3773 964 3844 III,
990 3773 1107 3846 Leipzig
1131 3779 1207 3843 2862,
1233 3791 1306 3846 pag..
1319 3776 1359 3828 221
1379 3784 1430 3838 sqq·

333 3851 374 3909 cf.
396 3871 467 3926 quae
485 3855 539 3908 iam
558 3859 642 3910 antea
659 3852 849 3911 Schlcicherus
866 3858 961 3928 Comp.
981 3861 996 3911 2
1014 3875 1042 3929 p.
1056 3859 1113 3913 757.
1132 3861 1180 3912 777
1198 3857 1298 3914 docuit

407 3941 449 4006 10)
467 3938 583 3993 Formas
609 3936 807 3994 infinitivorum
829 3943 982 4014 antiquitus
1008 3939 1093 3996 fuisse
1117 3942 1200 3996 duas:
1228 3961 1311 4016 μεναι
1331 3943 1357 3993 ct
1372 3951 1429 3999 sucu.

334 4031 406 4091 non,
431 4037 503 4093 quae
521 4027 564 4076 est
582 4022 720 4076 Ahrensio
738 4023 844 4095 opinio,
870 4041 955 4080 unam
978 4045 1090 4100 εμεναι,
1118 4025 1185 4079 satis
1203 4019 1429 4080 demonstratur·

332 4103 387 4157 tius
404 4104 434 4158 in
452 4105 522 4159 libro
540 4107 593 4175 „de
611 4106 754 4161 nominum
771 4104 941 4164 Graecorum
957 4108 1137 4164 formatione“
1156 4125 1222 4182 pag.
1241 4115 1273 4166 58
1288 4125 1344 4180 sqq,
