3088 4966
874 461 934 522 240
997 545 1007 550 ς

429 639 499 704 Iam
530 657 602 702 cum
624 645 715 699 tanta
744 636 787 700 sit
812 637 906 702 huius
936 639 1028 703 vocis
1057 659 1128 702 eum
1154 639 1313 705 vocabulo
1336 643 1447 722 μοῦνος

348 737 542 819 similitudo,
568 735 649 800 adeo
673 733 806 799 offendit
827 738 916 800 viros
940 738 1052 802 doctos
1074 761 1156 802 unus
1178 738 1233 802 ille
1255 763 1368 804 versus
1387 740 1445 805 00.

347 844 416 921 927,
438 838 495 902 ubi
517 857 722 900 numerorum
738 835 827 899 nulla
851 836 943 900 adest
965 838 1150 919 necessitas,
1172 849 1208 900 ut
1228 861 1315 902 nunc
1329 841 1447 926 quidem

346 943 379 1001 in
402 937 565 1024 plerisque
588 933 783 998 editionibus
806 939 963 1020 scriptum
990 938 1138 1010 invenias
1160 931 1261 1013 ξένον,
1304 939 1350 1002 At
1370 949 1447 1002 recte

346 1039 555 1101 Hermannus
588 1034 630 1097 ad
659 1033 739 1098 Eur.
768 1033 838 1120 Iph.
873 1034 912 1099 T.
936 1040 1003 1103 798.
1038 1035 1224 1100 observavit
1257 1035 1330 1101 fieri
1362 1061 1448 1123 posse

346 1147 477 1222 practer
498 1134 587 1198 illam
614 1135 732 1197 metri
759 1136 1004 1216 necessitatem,
1040 1147 1078 1222 ut
1097 1137 1305 1200 orationis
1333 1138 1448 1200 numeri

347 1246 442 1322 atque
465 1235 627 1319 elegantia
648 1232 777 1318 plenam
799 1235 1001 1320 requirerent
1027 1235 1178 1315 formam,
1210 1236 1302 1300 initio
1326 1237 1447 1322 potissi-

345 1357 432 1398 mum
457 1355 619 1415 versuum,
642 1332 731 1396 velut
751 1333 785 1396 in
805 1335 878 1419 ipso
899 1333 953 1398 illo
975 1333 1164 1419 Iphigeniae
1184 1333 1273 1399 loeo:

386 1425 476 1514 ξεῖν’,
500 1424 537 1494 oc'·
562 1424 701 1507 δικαίως
721 1431 777 1516 τῆς
798 1434 883 1494 θεοῦ
904 1429 961 1518 τὴν
983 1427 1170 1512 πρόςπολιν
1188 1434 1192 1518 l
1211 1427 1367 1515 χραίνεις,
1400 1435 1448 1498 uhi

322 1547 324 1550 ’
344 1535 532 1618 insequente
554 1531 761 1596 distinctione
789 1534 915 1596 tenuius
941 1532 1021 1595 illud
1043 1524 1120 1612 ξέν),
1137 1537 1264 1620 -quippe
1286 1535 1377 1618 quod
1399 1557 1449 1620 per

345 1656 379 1696 se
400 1634 487 1697 omni
510 1642 636 1696 careret
656 1631 815 1717 pondere,
848 1629 945 1716 plane
975 1633 1068 1718 quasi
1088 1655 1283 1698 evanescere
1307 1634 1449 1698 debebat.

344 1733 414 1796 Iam
438 1734 584 1795 sinnam
607 1731 774 1794 statuimus
798 1732 882 1793 iuste
897 1732 1130 1815 exceptionem,
1153 1755 1210 1796 cur
1227 1742 1294 1796 tam
1311 1735 1450 1818 graviter

344 1853 530 1895 recusemus
559 1829 719 1893 alteram?
769 1829 984 1893 Vehementer
1010 1829 1263 1907 Ellendtius120)
1291 1835 1450 1918 vituperat

344 1929 638 2012 Kuehlstaedtium,
671 1929 726 2015 qui
753 1927 838 1992 hunc
860 1927 1031 2014 Sophoclis
1057 1953 1187 1993 versum
1214 1952 1287 1993 cum
1308 1930 1366 1996 illo
1388 1931 1449 1995 loeo

343 2029 513 2116 Euripidis
536 2050 725 2114 comparare
747 2051 845 2092 ausus
869 2029 926 2102 sit3
957 2025 1014 2094 sed
1040 2029 1126 2115 quod
1151 2019 1226 2114 ipse
1244 2039 1362 2094 contra
1384 2053 1448 2093 cou-

341 2129 453 2212 tendit,
476 2130 711 2214 oppositionem
732 2149 797 2191 non
818 2149 914 2213 posse
932 2127 1134 2192 firmamento
1155 2151 1226 2192 esse
1240 2128 1370 2194 formae
1391 2131 1448 2216 epi·

343 2251 415 2306 cae,
448 2238 562 2315 utpote
591 2250 673 2312 quae
703 2249 807 2312 neque
834 2227 992 2313 impediat
1017 2227 1185 2292 elisionem
1214 2231 1447 2314 pronominum,

341 2329 490 2413 inprimis
519 2323 556 2389 σε’
578 2337 609 2390 et
633 2323 673 2388 τὰ
696 2322 816 2401 od,et
844 2328 951 2410 ipsam
972 2326 1110 2392 formam
1132 2321 1225 2404 ξένος
1246 2329 1448 2394 admittatis
1527 2351 1528 2430 p

341 2426 444 2490 tribus
467 2425 638 2544 Sophoclis
659 2425 824 2489 versibus:

382 2526 452 2592 ΟΒ
473 2531 547 2592 817:
582 2512 608 2608 ᾦ
635 2521 679 2610 μὴ
711 2521 813 2603 ξένων
840 2518 945 2603 ἔξεστι
973 2518 1050 2612 μήδ’
1076 2519 1185 2588 ἀστῶν
1211 2549 1286 2590 τινα
1312 2531 1318 2612 Ι
1344 2469 1449 2612 ddpotg

968 2623 1135 2702 δέχεσθαι.

381 2725 431 2789 ΕΙ,
452 2731 529 2791 975:
551 2718 600 2798 τίς
622 2719 682 2806 γάρ
705 2745 769 2786 ποτ
777 2716 961 2786 'dccciv’
941 2747 961 2808 η
982 2719 1083 2802 ξένων
1104 2719 1189 2812 ημᾶς
1211 2718 1294 2788 ἰδών
1318 2738 1372 2792 ctt.

382 2825 437 2890 Tr.
463 2831 534 2890 187:
558 2820 691 2886 καὶτοῦ
712 2816 787 2886 add‘
808 2816 916 2886 ἀστῶν
938 2816 957 2909 ἢ
978 2819 1079 2902 ξένων
1100 2823 1224 2904 μαθών
1244 2821 1372 2907 Mysas,-

340 2947 403 2989 non
425 2924 459 2987 id
480 2923 609 3010 quidem
632 2935 857 3008 argumentum
881 2926 1094 2988 certissimum
1116 2925 1195 2988 mihi
1212 2927 1354 2993 videtur.
1384 2927 1446 2992 Pri·

340 3045 427 3086 mum
449 3025 544 3105 enim,
566 3023 601 3086 id
623 3023 709 3108 quod
733 3026 862 3109 saepius
886 3024 1151 3108 significavimus,
1174 3027 1207 3088 iu
1224 3027 1379 3091 universa
1393 3029 1446 3090 hae
1527 3013 1528 3048 ³

345 3123 563 3208 disputatione
592 3125 618 3186 si
641 3122 718 3210 quid
740 3123 834 3187 aliter
865 3125 1005 3208 exprimi
1027 3126 1173 3209 potuit,
1206 3147 1271 3188 non
1291 3126 1367 3192 ideo
1391 3138 1445 3190 sta·
1527 3173 1528 3180 .

338 3221 492 3286 tuendum
515 3231 564 3286 est
585 3223 781 3287 debuisse
813 3222 906 3320 aliter
926 3225 1076 3308 exprimi.
1121 3222 1209 3302 Quid
1222 3226 1342 3292 enim?
1372 3227 1444 3289 vidi·

338 3345 409 3386 mus
432 3321 499 3386 fere
528 3345 656 3409 semper
686 3321 790 3399 ξεῖνος
819 3325 974 3408 scriptum
1002 3325 1036 3385 in
1063 3321 1260 3408 adloquendi
1288 3325 1445 3396 formulis3

337 3421 456 3507 legitur
477 3433 587 3486 tamen
609 3445 705 3486 uuum
729 3423 818 3486 vocis
842 3418 962 3500 ξένος
982 3421 1165 3507 exemplum
1186 3443 1322 3508 prorsus
1341 3425 1443 3489 eodem
1527 3471 1528 3474 η

338 3522 434 3585 modo
454 3531 540 3608 posi
543 3543 594 3584 um
624 3545 686 3607 quo
714 3523 761 3584 in
776 3517 1443 3605 ἱ]101ρ1]ὶς.νθνωιξεῑνοςε0012061

336 3617 448 3700 ιιὸνον,
474 3611 553 3697 ξέν,
587 3612 680 3701 εἰπερ
708 3621 816 3695 κεῖνος
838 3606 898 3681 ὧδ’
924 3615 1107 3682 diesceret:
1139 3643 1217 3685 num
1246 3625 1350 3706 igitur
1376 3625 1443 3710 quia

338 3711 450 3795 ξεῖν’
441 3743 474 3782 1n
496 3717 685 3804 Iphigeniae
707 3719 762 3782 illo
784 3719 854 3783 loco
877 3729 1004 3782 constat
1032 3741 1097 3782 non
1125 3743 1196 3783 esse
1218 3726 1441 3800 necessarium,

337 3818 525 3881 mutandam
556 3817 758 3881 censebimus
785 3817 939 3882 librorum
958 3819 1191 3903 scripturam?
1235 3821 1319 3884 Tum
1342 3833 1439 3886 autem

337 3939 400 3980 uon
423 3917 520 4002 plane
543 3917 656 3980 eadem
680 3927 729 3980 est
750 3919 848 3979 trium
869 3919 1005 3982 istorum
1027 3941 1180 3982 versuum
1203 3921 1259 3984 ubi
1282 3944 1439 4008 opponun·
1464 3969 1468 3978 .
1527 3923 1528 3990 Ξ

335 4053 544 4064 ——-..—-...

392 4119 449 4182 120)
468 4117 503 4170 In
521 4117 572 4172 lex.
593 4081 761 4186 Sophocles.
774 4133 798 4170 v.
818 4119 902 4177 ξένος.
