3056 4968
77 1437 82 1451 ⁸
143 1427 214 1492 Non
241 1450 338 1492 unam
364 1449 545 1515 puramque
573 1429 606 1492 in
634 1426 788 1514 Aeschyli
811 1427 982 1515 Sophoclis
1004 1429 1173 1518 Euripidis

66 1523 178 1589 fabulis
200 1527 297 1614 quasi
317 1549 455 1614 regnare
477 1527 651 1593 dialectum
672 1526 830 1605 Atticam,
854 1527 910 1592 sed
932 1553 992 1621 pro
1016 1531 1173 1616 singulari

65 1621 124 1704 illa,
147 1608 230 1711 qu⁰ae
252 1627 286 1690 in
310 1627 464 1692 omnibus
480 1628 548 1692 fere
569 1627 768 1712 conspicitur
783 1628 891 1712 poesis
909 1626 1056 1694 Graecae
1078 1651 1172 1715 gene·

66 1720 159 1806 ribus,
182 1723 394 1791 dialectorum
412 1728 570 1791 varietate
593 1747 632 1790 ao
645 1723 870 1789 vicissitudine
884 1731 1029 1812 tragicos
1047 1751 1174 1815 quoque

65 1831 172 1905 poetas
201 1835 234 1888 et
263 1847 304 1889 ex
326 1825 465 1890 Homeri
485 1822 684 1889 carminibus
711 1833 742 1888 et
769 1847 789 1888 a
810 1823 1018 1890 Doriensium
1042 1825 1173 1891 consue·

63 1919 167 1986 tudine
190 1921 353 2010 quaedam
382 1946 508 1988 sumere
536 1921 779 1988 adorationem
809 1921 1036 1989 illustrandam
1067 1935 1098 1989 et
1117 1947 1172 1990 va·

63 2019 218 2105 riandam,
243 2021 364 2087 dudum
385 2045 405 2087 a
425 2023 506 2088 viris
530 2021 633 2085 doctis
655 2019 853 2084 intellectum
876 2033 933 2086 est.
961 2023 1072 2108 Neque
1094 2045 1171 2088 vero

66 2137 154 2201 quarn
177 2119 243 2184 late
265 2131 376 2208 pateat
397 2121 643 2208 peregrinorum
659 2117 892 2210 vocabulorum
907 2143 985 2186 usus
1001 2131 1096 2210 atque
1117 2145 1172 2186 va·

67 2215 175 2301 rietes,
210 2221 290 2284 setis
320 2229 456 2284 constat.
499 2217 603 2283 Alteri
631 2219 716 2282 enirn
743 2218 807 2281 viri
836 2217 938 2302 docti,
971 2229 1004 2284 ut
1025 2220 1172 2307 Theoph.

66 2311 136 2378 (lar.
159 2315 247 2383 (tuit.
264 2316 481 2383 Schneiderus
496 2319 529 2381 in
547 2316 790 2404 quaestionibus
806 2315 869 2381 illis
888 2339 967 2406 quas
982 2323 1029 2380 Dc
1047 2324 1173 2382 dialecto

66 2414 214 2492 Sophoclis
235 2415 365 2504 scripsit
384 2438 411 2480 c.
435 2421 522 2500 1822,
543 2426 575 2480 et
589 2415 664 2482 Car.
678 2415 894 2480 Kuehlstaedt
907 2420 941 2481 in
958 2420 1173 2480 observationi·

64 2513 109 2571 bos
139 2517 253 2576 criticis
282 2519 317 2576 dc
348 2519 527 2595 tragicorum
558 2517 742 2579 &oscorum
771 2519 896 2578 dialecto
923 2515 1046 2596 (Reval.
1072 2523 1171 2600 1832),

64 2610 216 2700 quidquid
248 2613 407 2677 eiusmodi
443 2615 477 2678 in
509 2613 602 2679 libris
635 2637 731 2680 manu
762 2615 893 2702 scriptis
925 2615 1080 2680 traditum
1114 2625 1171 2699 est,
1236 2653 1241 2664 ·

63 2715 223 2796 tamquam
245 2733 325 2776 vera
346 2713 415 2776 sive
429 2711 565 2780 Homeri
588 2713 776 2779 imitationis
797 2715 937 2800 vestigia
954 2715 1022 2779 sive
1037 2715 1171 2779 rarioris

64 2808 227 2874 cuiusdam
253 2819 283 2875 et
306 2811 457 2898 exquisiti
479 2811 609 2876 artificii
629 2812 750 2876 indicia
774 2811 986 2877 defenderunt
1007 2835 1047 2876 ex
1062 2815 1172 2900 eisque

64 2905 101 2968 ad
124 2907 204 2973 alios
228 2908 317 2974 locos
339 2909 557 2974 emendandos
573 2910 737 2996 praesidia
754 2913 832 2974 artis
849 2912 981 2976 criticae
996 2912 1171 2996 petierunt;

65 3003 162 3090 alteri,
184 3021 221 3072 ut
241 3001 437 3094 Elmsleyus,
459 3009 571 3090 Porso,
595 3006 680 3074 Guil.
701 3009 907 3092 Dindorfius,
930 3009 1170 3095 angustioribus

66 3105 170 3188 epieas
205 3108 410 3192 potissimum
446 3129 528 3195 quae
557 3106 707 3172 dicuntur
729 3107 850 3172 formas
881 3107 999 3172 finibus
1035 3110 1169 3172 circum-

64 3204 237 3269 scribentes
257 3204 358 3270 multe
380 3227 462 3293 quae
485 3213 597 3270 contra
620 3205 803 3271 subtiliores
826 3205 898 3270 illas
920 3206 1008 3292 leges
1032 3206 1073 3271 ab
1089 3208 1170 3293 ipsis

64 3311 117 3365 aut
136 3305 285 3368 inventas
309 3304 519 3370 coniectando
540 3313 596 3369 aut
618 3327 635 3369 e
656 3307 942 3390 grammaticorum
965 3307 1169 3392 antiquorum

64 3405 245 3490 praeceptis
277 3402 433 3467 deductas
456 3411 655 3488 pugnarent,
686 3405 719 3468 in
749 3403 943 3469 editionibus
973 3405 1039 3469 suis
1069 3415 1169 3468 muta·

62 3511 183 3565 verunt.
226 3503 338 3590 Neque
367 3501 401 3565 id
429 3500 560 3588 quidem
589 3503 717 3566 mirum.
759 3502 887 3567 Etenim
914 3513 949 3568 ut
977 3503 1170 3590 permultum

62 3596 199 3665 valuisse
222 3623 294 3666 curn
317 3600 404 3688 apud
430 3621 540 3665 omnes
561 3609 673 3686 poetas
698 3599 842 3666 Graecos
869 3612 935 3666 tum
958 3605 991 3666 in
1014 3612 1083 3666 arte
1104 3611 1169 3666 tra·

64 3695 135 3779 gica
156 3701 264 3785 poesis
288 3701 400 3787 epieae
421 3699 488 3762 vim
511 3719 550 3762 ac
572 3701 760 3764 memoriam
786 3701 821 3765 in
842 3701 958 3786 volgus
979 3709 1089 3766 notum
1112 3709 1169 3784 est,

63 3793 106 3857 ita
132 3799 290 3863 neminem
321 3799 403 3885 fugit
432 3787 529 3884 quam
563 3820 660 3884 saepe
691 3798 835 3883 librarii,
868 3801 923 3887 qui
939 3809 1106 3885 quantum
1135 3801 1168 3863 in

63 3889 194 3960 Homeri
216 3895 622 3962 carminibus'lectitandis
643 3906 674 3960 et
696 3897 918 3984 perdiscendis
941 3896 1170 3962 collocaverint

63 4011 192 4076 operae,
224 3995 288 4060 dici
317 3999 374 4062 vix
396 4005 519 4083 potest,
546 3993 669 4058 formas
696 3998 805 4082 epicas
834 4005 889 4060 aut
910 3997 1082 4060 inscientes
1105 3997 1170 4082 ipsi

64 4098 93 4152 et
106 4091 320 4179 inopinantes,
342 4103 399 4159 aut
414 4093 549 4158 Homeri
571 4093 719 4158 imitandi
742 4095 847 4160 studio
863 4096 1001 4182 permoti
1016 4096 1050 4158 in
1067 4093 1173 4160 Grac·

111 4197 248 4255 Onrtlu,
263 4203 365 4246 Studien.
386 4203 406 4246 2.
652 4235 655 4242 r
931 4196 960 4246 13
