3070 4962
183 1210 383 1298 Antiquioris
412 1212 612 1280 Graecorum
648 1217 756 1303 poesis
792 1215 956 1302 elegiacae
991 1225 1022 1279 et
1053 1214 1213 1280 iambicae

111 1309 313 1400 reliquias-
338 1312 457 1378 Callini
479 1315 640 1402 intellego,
674 1315 819 1402 Tyrtaei,
849 1311 1043 1396 Mimnermi,
1075 1313 1213 1396 Solonis,

110 1403 294 1496 Phocylidis,
325 1411 549 1500 Xenophanis,
582 1413 781 1500 Theognidis
809 1423 907 1500 atque
927 1411 1129 1492 Archilochi,
1160 1413 1213 1477 Si-

111 1509 236 1574 monidis
269 1509 457 1597 Amorgini,
489 1512 709 1600 Hipponactis
716 1563 724 1596 ,
761 1514 870 1578 Anani
902 1535 1041 1600 -quae
1071 1535 1157 1576 nunc
1194 1537 1213 1576 a

110 1607 239 1694 Bergkic
265 1609 420 1676 collectae
437 1615 555 1694 ¹sunt¹),
585 1623 736 1677 accurate
763 1614 988 1700 inspicientem
1014 1635 1079 1676 non
1102 1613 1213 1698 fugiet,

110 1719 218 1794 quanta
238 1709 358 1798 ubique
388 1711 429 1774 sit
455 1712 673 1777 inconstantia
699 1721 730 1777 et
751 1714 894 1778 varietas
917 1709 1058 1776 dialecti.
1101 1709 1214 1796 Itaque

110 1809 217 1892 siquis
240 1831 282 1873 ex
305 1811 361 1891 eis,
384 1831 467 1897 quae
492 1811 614 1876 tradita
636 1821 724 1896 sunt,
748 1813 824 1876 crisi
847 1813 1008 1876 severiore
1030 1833 1096 1873 non
1118 1809 1213 1874 adhi-

110 1904 168 1970 bita
189 1907 360 1973 dialectum
385 1917 555 1995 poetarum
576 1933 771 1998 componere
791 1909 899 1992 vellet,
921 1910 950 1973 is
973 1909 1115 1974 efficeret
1137 1932 1213 1994 spe·

110 2006 180 2070 ciem
196 2005 314 2072 Proteo
338 2007 545 2075 simillimam.
589 2009 685 2091 Quod
707 2033 771 2075 non
795 2019 852 2091 est,
874 2031 931 2072 cur
952 2009 1116 2088 miremur,
1140 2029 1212 2072 cum

109 2115 298 2190 reputamus,
331 2132 395 2196 qua
426 2119 607 2196 temporum
638 2110 809 2198 iniquitate
838 2107 920 2174 haec
952 2107 1135 2192 fragmenta
1151 2116 1154 2124 '
1171 2105 1213 2170 ad

109 2215 240 2284 nostram
267 2215 405 2272 aetatem
437 2209 655 2295 pervenerint.
698 2207 866 2273 Librarios
901 2207 987 2271 enim
1019 2207 1212 2292 scriptorum

110 2326 198 2392 opera
225 2305 461 2390 describentes,
490 2329 562 2372 cum
591 2309 713 2372 assueti
734 2317 856 2390 essent,
886 2328 950 2394 qua
975 2304 1023 2370 illi
1048 2315 1214 2370 uterentur

110 2401 234 2470 dialecto
265 2397 388 2484 (Attica
420 2405 472 2471 vel
508 2405 666 2492 vulgari),
700 2406 776 2471 huic
805 2405 995 2492 saepissime
1028 2427 1213 2471 accommo-

110 2502 192 2568 dasse
213 2504 389 2571 verisimile
412 2515 461 2570 est
482 2505 569 2572 locos
591 2515 763 2592 poetarum
785 2505 910 2588 allatos,
931 2505 983 2569 vel
1005 2505 1213 2592 neglegentia

110 2603 244 2686 perducti
266 2605 318 2670 vel
341 2604 427 2693 quod
447 2628 512 2670 non
532 2603 703 2690 diligenter
727 2607 847 2671 versati
866 2607 899 2669 in
919 2604 1067 2669 Graecae
1081 2604 1213 2692 linguae

102 2699 243 2768 dialectis
273 2705 413 2788 formas,
444 2727 527 2789 quae
560 2706 594 2767 in
624 2713 795 2790 poetarum
823 2703 971 2769 versibus
1005 2713 1213 2792 apparerent,

111 2803 290 2890 scriptorum
319 2803 590 2869 dicendirationi
611 2826 795 2890 repugnare
817 2803 985 2892 putabant.
1028 2801 1094 2868 Alii
1117 2803 1213 2868 facile

110 2899 169 2965 lieri
187 2909 316 2990 poterat
343 2912 378 2968 ut
403 2901 534 2990 linguae
556 2904 667 2990 epicac
690 2902 842 2988 analogia
865 2903 993 2990 decepti
1013 2902 1134 2968 formas
1156 2926 1214 2988 ge·

110 3001 211 3066 nuinas
239 3010 459 3084 removerent,
493 3002 528 3067 id
559 3001 645 3090 quod
674 3004 816 3068 maxime
843 3003 876 3066 in
903 3001 1214 3090 iambographorum

111 3097 240 3188 reliquiis
264 3101 361 3168 valet.
404 3101 505 3168 Haud
521 3125 596 3167 raro
616 3110 724 3166 autem
746 3101 797 3166 vel
822 3102 998 3188 scriptores
1021 3102 1094 3188 ipsi,
1117 3121 1215 3188 prac-

112 3202 208 3264 sertim
235 3225 308 3266 cum
333 3209 505 3286 poetarum
534 3200 597 3266 loci
626 3199 818 3288 plerumque
844 3209 910 3265 tam
941 3202 1052 3288 exigui
1074 3199 1214 3265 ambitus

112 3310 214 3384 essent,
236 3324 316 3389 quos
339 3299 435 3365 facile
456 3309 590 3388 possent
611 3323 653 3365 ex
675 3305 832 3366 memoria
853 3301 984 3384 afferre,
1014 3299 1116 3368 solam
1139 3322 1215 3364 ver-

112 3393 213 3462 borum
234 3401 436 3483 sententiam,
459 3422 524 3464 non
546 3398 720 3464 dialectum
740 3402 926 3488 respexisse
943 3400 1104 3465 videntur.
1145 3399 1216 3463 De-

112 3495 195 3581 nique
207 3500 338 3565 minime
348 3499 585 3586 neglegendum
598 3507 655 3581 est,
668 3495 754 3584 quod
769 3500 869 3566 multo
882 3499 1022 3587 plurima
1034 3500 1216 3586 fragmenta

184 3735 207 3799 1)
223 3735 327 3789 Poetae
345 3732 426 3803 lyrici
446 3731 560 3802 Graeci,
582 3731 671 3786 tertiis
688 3731 760 3786 curis
778 3731 917 3786 recensuit
934 3731 1096 3786 Theodorus
1114 3729 1216 3802 Bergk.

115 3811 173 3868 Pars
190 3817 224 3873 H.
244 3821 341 3890 poetas
359 3816 496 3888 elegiacos
514 3820 543 3870 et
561 3815 775 3887 iambographos
793 3815 947 3869 continens.
982 3814 1108 3886 Lipsiae,
1126 3815 1155 3868 in
1172 3830 1216 3868 ae-

115 3895 183 3954 dibus
194 3900 332 3956 Teubneri
348 3904 419 3956 1866.
437 3931 471 3940 —
488 3899 638 3956 Poetarum
656 3899 746 3971 quinti
765 3899 868 3954 saeculi
885 3897 1050 3969 fragmenta,
1069 3902 1217 3970 propterea

117 3982 179 4048 quod
200 3985 277 4040 nimis
299 3985 400 4056 exigua
421 3991 487 4040 sunt
508 3989 536 4038 et
559 3983 662 4054 ubique
685 3981 742 4038 lere
759 3984 883 4038 Atticam
904 3982 1051 4038 dialectum
1068 3982 1216 4054 praebent,

117 4066 227 4125 consulto
244 4071 279 4126 ab
298 4071 340 4126 his
360 4067 571 4140 quaestionibus
589 4067 699 4123 exclusi.
