3070 4962
316 591 337 632 a
351 565 564 654 scriptoribus
578 566 768 630 recentioris
784 565 912 629 demum
934 565 1092 650 temporis
1108 560 1230 626 tradita
1249 571 1333 642 sunt,
1356 583 1436 646 quos

317 665 479 732 interdum
510 665 653 731 ciusdem
684 666 774 730 cuius
808 663 963 729 librarios
997 663 1146 728 inscitiae
1173 683 1313 746 arguere
1341 682 1435 726 nemo

317 766 486 832 dubitabit.

400 866 450 932 Ac
468 863 644 930 verisimile
665 862 796 952 quidem
823 885 893 928 esse
913 870 1085 949 poetarum
1111 859 1301 942 dialectum,
1331 860 1437 948 qualis

317 965 439 1032 tradita
455 974 511 1043 est,
533 987 669 1051 magnas
688 961 891 1049 corruptelas
906 961 1058 1043 traxisse,
1081 960 1162 1024 satis
1180 958 1436 1026 demonstratum

317 1066 454 1132 videtur.
499 1065 638 1130 Omnino
661 1085 702 1127 ne
723 1063 867 1148 potuisse
889 1059 1020 1149 quidem
1041 1068 1155 1146 poetas
1178 1059 1344 1126 eiusmodo
1367 1060 1436 1126 dia-

317 1164 400 1230 lecto
422 1163 610 1229 multiformi
631 1164 693 1245 uti,
724 1183 809 1225 nune
831 1160 972 1248 probare
992 1157 1204 1224 studebimus.
1249 1159 1324 1240 Qua
1344 1161 1379 1224 in
1401 1184 1437 1225 re

319 1263 490 1330 efficienda
524 1267 691 1350 egregium
731 1261 845 1324 ducem
882 1261 974 1348 sequi
1008 1257 1091 1323 licet.
1142 1257 1316 1324 Praeclare
1350 1263 1436 1325 enim

317 1365 479 1430 Henricus
506 1361 662 1427 Ludolfus
684 1360 812 1426 Ahrcns
842 1357 980 1438 docuit&
1010 1369 1124 1446 poetas
1152 1358 1273 1446 lyricos
1301 1383 1365 1425 non
1395 1360 1438 1425 ad

317 1463 489 1528 arbitrium
517 1460 613 1526 modo
644 1482 685 1526 ex
705 1459 768 1524 bac
791 1457 887 1523 modo
909 1481 952 1522 ex
971 1458 1029 1524 illa
1049 1457 1188 1524 dialecto
1209 1460 1331 1526 formas
1354 1459 1437 1526 bau·
1523 1495 1524 1498 ¹

319 1564 415 1642 sisse,
449 1560 507 1625 sed
536 1582 664 1646 semper
675 1569 808 1648 ‘certam
836 1567 963 1623 secutos
993 1580 1065 1623 esse
1092 1560 1265 1642 rationem,
1295 1561 1438 1645 quaein

318 1661 443 1748 poesis,
473 1659 558 1748 quod
586 1658 794 1742 excolebant,
824 1680 943 1744 genere
969 1659 1189 1746 positacsset.
1231 1659 1325 1724 Haec
1347 1682 1437 1746 ergo,

278 1835 280 1842 ,
318 1771 472 1850 quantum
495 1759 538 1825 ad
558 1767 672 1845 poetas
688 1758 848 1844 elegiacos
864 1767 895 1822 et
911 1756 1166 1844 iambograpbos
1187 1761 1338 1844 pertinet,
1361 1770 1438 1824 ante

318 1861 427 1926 omnia
447 1859 526 1924 mihi
547 1858 692 1923 breviter
715 1855 909 1944 exponenda
930 1858 1000 1923 erit.

401 1959 562 2042 Quoniam
584 1967 722 2023 metrum
742 1955 920 2041 elegiacum
935 1957 977 2022 ab
995 1955 1125 2022 heroico
1144 1957 1303 2042 originem
1322 1960 1437 2041 traxit,

317 2061 365 2126 ita
392 2069 428 2124 ut
454 2068 580 2125 tantum
609 2061 643 2122 in
671 2057 773 2122 altero
806 2079 933 2144 quoque
960 2055 1149 2120 hexametro
1166 2057 1267 2121 vtertii
1297 2067 1329 2122 et
1351 2059 1438 2123 sexti
1524 2089 1525 2112 t

318 2159 410 2247 pedis
432 2158 534 2224 thesis
555 2157 824 2244 exstingueretur,
847 2164 1098 2221 consentaneum
1119 2163 1167 2219 est
1188 2155 1353 2242 elegorum
1367 2156 1438 2222 dia·

317 2257 436 2324 lectum
456 2259 490 2322 in
504 2257 692 2322 universum
707 2255 838 2344 quidem
855 2255 992 2321 similem
1004 2277 1075 2320 esse
1091 2257 1213 2342 opicae.
1248 2254 1315 2321 Sed
1327 2265 1438 2322 tamen

221 2378 224 2383 ’
319 2367 544 2444 argumentum
566 2364 724 2420 mutatum
745 2357 844 2420 etiam
867 2352 1041 2420 dialectum
1061 2354 1171 2442 paullo
1194 2355 1360 2422 diversam
1374 2380 1439 2445 po·

319 2455 469 2521 stulabat.
513 2456 595 2522 (ium
618 2455 701 2518 enim
725 2454 922 2519 carminibus
935 2455 1119 2520 Homericis
1142 2478 1194 2521 res
1217 2454 1258 2521 ab
1280 2455 1438 2522 heroibus

318 2557 434 2621 ultima
459 2556 651 2643 antiquitate
673 2553 842 2641 praeclare
864 2563 976 2639 gestae
999 2553 1216 2639 celebrentur,
1246 2579 1319 2620 cum
1342 2579 1438 2643 argu·
1525 2629 1526 2640 ,

317 2665 425 2722 mento
449 2657 568 2742 optime
591 2653 750 2739 congruit,
774 2653 861 2741 quod
882 2653 1039 2720 dialectus
1059 2654 1261 2741 principalis,
1284 2667 1438 2744 quaeest
1525 2657 1526 2722 J

317 2757 438 2839 Ionica,
460 2756 556 2841 copia
576 2753 752 2818 formarum
774 2763 974 2840 temperatur
996 2753 1049 2818 vel
1073 2777 1114 2819 ex
1133 2755 1265 2839 antiquo
1288 2764 1437 2844 tempore
1525 2757 1526 2760 ’

318 2854 421 2922 solum
434 2857 467 2919 in
482 2863 649 2942 poetarum
666 2851 811 2938 collegiis
828 2853 1023 2918 traditarum
1043 2853 1095 2918 vel
1114 2877 1155 2918 ex
1171 2855 1272 2918 variis
1287 2853 1437 2920 dialectis

317 2957 502 3042 petitarum,
526 2975 608 3041 quae
626 2955 767 3017 sermoni
784 2953 981 3038 gravitatem
995 2962 1027 3018 et
1039 2951 1258 3039 granditatem
1271 2955 1436 3041 quandam

316 3053 470 3120 tribuant.
506 3052 582 3117 Alia
603 3075 680 3117 vero
701 3052 786 3116 ratio
803 3053 981 3140 conspicua
994 3061 1043 3118 est
1062 3053 1097 3116 in
1119 3053 1262 3118 carmine
1281 3052 1437 3140 elegiaco,
1497 3051 1500 3056 ’

195 3174 198 3182 “
318 3177 380 3242 quo
402 3162 500 3241 poeta
526 3153 691 3217 hominum
718 3152 844 3216 animos
873 3153 907 3216 in
936 3175 970 3217 se
997 3154 1106 3239 ipsum
1129 3161 1160 3216 et
1182 3175 1272 3217 suam
1295 3163 1436 3220 aetatem

317 3255 491 3334 convertit,
523 3275 596 3316 cum
626 3274 678 3317 res
711 3261 925 3338 persequatur
956 3261 988 3317 et
1017 3250 1176 3316 secundas
1205 3261 1238 3316 et
1267 3251 1437 3336 adversas,

318 3350 434 3439 quibus
457 3350 509 3415 vel
536 3352 605 3416 eius
634 3352 749 3416 civitas
772 3349 824 3415 vel
847 3352 919 3439 ipse
941 3351 1027 3417 solus
1050 3350 1220 3416 afficiatur.
1262 3351 1293 3416 A
1315 3351 1437 3418 talibus

318 3454 517 3538 argumentis
547 3460 746 3539 quantopere
774 3451 898 3516 formae
925 3452 1021 3523 nimis
1052 3449 1217 3518 obsoletae
1247 3461 1279 3518 et
1307 3455 1437 3519 omnino

317 3551 418 3615 nimia
439 3553 617 3616 formarum
638 3551 783 3616 varietas
805 3550 1019 3618 abhorrebat!
1057 3551 1162 3618 Immo
1185 3553 1294 3641 potius
1315 3575 1371 3620 res
1393 3555 1436 3620 fe-

318 3650 420 3732 rebat,
442 3660 477 3714 ut
498 3651 608 3736 patria
631 3659 748 3737 poetae
767 3651 926 3718 dialectus
942 3651 1120 3739 paullulum
1132 3653 1227 3740 quasi
1243 3652 1436 3742 perluceret.

400 3914 428 3981 2)
446 3915 475 3968 in
493 3915 686 3970 dissertatione
703 3915 848 3987 inscripta:
880 3917 991 3986 „Ueber
1008 3917 1052 3972 die
1072 3917 1221 3989 Mischung
1238 3918 1288 3972 der
1304 3916 1436 3974 Dialekte

318 3997 347 4050 in
370 3997 419 4051 der
441 3999 629 4070 griechischen
653 4000 769 4076 Lyrik“,
792 4017 862 4072 quae
887 4001 988 4072 legitur
1011 4019 1075 4075 pag.
1101 4005 1200 4059 55-80
1224 4006 1349 4057 actorum
1372 4021 1436 4059 con·

318 4085 417 4138 ventus
435 4082 638 4156 philologorum
657 4081 823 4141 Germaniae
840 4084 918 4155 Xill,
938 4086 998 4146 edd,
1017 4083 1170 4158 Gottingae
1190 4089 1263 4146 1853.
