3008 4968
855 446 913 508 ¹94

329 622 470 705 trionali,
492 645 575 710 quae
590 626 742 710 contagio
761 633 943 690 ceterorum
963 623 1158 711 populorum
1172 625 1279 690 minus
1301 625 1437 711 patuisse

331 721 467 804 videtur,
487 758 529 768 -
549 724 682 789 nomina
702 733 869 789 eontracta
889 724 924 788 in
944 745 983 786 εα
1007 723 1204 806 desinentia,
1227 723 1389 788 adiectiva
1407 724 1437 786 in

331 841 403 902 sog,
432 822 564 886 nomina
592 823 627 886 in
657 843 715 898 ους
736 825 782 898 (in
802 821 929 888 Doride
951 821 1060 909 paullo
1083 824 1299 909 antiquiore),
1328 824 1437 908 stirpes

331 918 465 987 alterius
487 919 714 987 declinationis
736 944 821 1007 quae
843 923 878 985 in
899 941 919 984 σ
938 920 1069 1004 cadunt,
1091 923 1188 986 etiam
1207 921 1333 987 formae
1350 943 1437 1008 quae

330 1019 405 1084 dam
437 1017 531 1083 verbi
563 1011 633 1100 εἰμι’
664 1023 918 1086 contractionem
952 1043 1017 1085 non
1049 1018 1258 1108 patiebantur
1285 1031 1317 1085 et
1345 1018 1440 1084 Siculi

329 1127 446 1206 poetae
467 1126 500 1182 et
520 1117 667 1184 Rhodius
685 1120 728 1198 29)
750 1119 945 1185 Timocreon
968 1121 1023 1206 qui
1057 1120 1156 1187 multo
1183 1130 1261 1208 post
1285 1119 1438 1204 Theogni-

307 1219 404 1286 .dem
425 1219 587 1300 vixerunt,
610 1217 773 1300 interdum
795 1219 916 1288 solutas
934 1219 1056 1284 formas
1078 1219 1236 1308 praebent
1255 1219 1313 1286 ubi
1332 1218 1436 1284 inscri-

332 1320 459 1406 ptiones
473 1318 670 1384 recentiores
689 1317 833 1383 eiusdem
850 1317 981 1382 dialecti
999 1328 1182 1384 contractas
1200 1319 1338 1384 habent:
1361 1326 1439 1381 certe

331 1417 421 1482 haud
441 1415 599 1482 dissimile
620 1425 670 1480 est
690 1419 761 1482 veri
780 1413 914 1504 antiqua
934 1418 1073 1482 mitioris
1087 1417 1223 1484 Doridis
1247 1427 1363 1497 aetate,
1383 1437 1439 1503 qua

332 1516 499 1602 Theognis
519 1515 620 1596 vixit,
653 1517 783 1580 omnino
804 1515 926 1580 formas
950 1515 1072 1582 solutas
1095 1520 1129 1580 in
1149 1540 1210 1581 usu
1231 1517 1342 1582 fuisse.
1383 1516 1439 1580 Ita·

333 1637 396 1702 que
417 1613 527 1700 colligi
549 1614 686 1701 poterit,
707 1612 765 1678 ubi
786 1624 970 1700 appareant
987 1615 1110 1680 formae
1133 1625 1336 1699 contractae,
1364 1636 1438 1700 quae

332 1714 482 1779 diversae
504 1714 569 1777 sint
590 1711 632 1778 ab
654 1712 790 1778 Homeri
812 1713 1053 1797 consuetudine,
1072 1714 1227 1780 librarios
1248 1717 1283 1779 in
1303 1715 1439 1779 Atticum

331 1836 426 1878 usum
447 1811 627 1878 aberrasse.

392 1912 496 1978 Multo
532 1909 746 1976 confidentius
776 1911 838 1976 hoc
868 1912 909 1977 de
941 1913 1078 1999 Tyrtaei
1111 1911 1252 1978 dialecto
1286 1913 1439 1976 severiore

334 2021 476 2078 statuere
507 2010 600 2091 licet,
632 2031 698 2074 non
731 2009 834 2076 solum
867 2013 945 2097 quia
976 2019 1076 2098 poe'ta
1106 2011 1213 2076 multis
1244 2014 1339 2079 aunis
1373 2021 1439 2074 ante

327 2109 559 2197 *Theognidem
588 2109 735 2173 carmina
757 2112 954 2196 composuit,
984 2109 1042 2175 sed
1064 2111 1161 2174 etiam
1183 2110 1261 2197 quia
1281 2110 1439 2176 Laconum

331 2209 444 2296 lingua
466 2208 593 2274 mediae
614 2209 731 2272 aetatis
751 2209 786 2271 in
808 2207 956 2294 pluribus
983 2209 1231 2275 formationibus
1259 2209 1437 2276 solutionem

331 2309 433 2376 offert

394 2406 523 2473 Solonis
545 2417 650 2472 aetate
672 2405 757 2472 solas
779 2406 901 2472 formas
917 2405 1039 2472 solutas
1061 2406 1245 2473 dominatae
1268 2431 1340 2474 esse
1360 2407 1436 2474 affir-

332 2529 423 2572 mare
451 2507 627 2590 noluerim,
658 2530 732 2572 oum
760 2508 890 2572 omnino
919 2506 1029 2572 Atthis
1056 2507 1270 2573 contrahendi
1291 2509 1435 2574 amantis·

334 2607 417 2670 sima
438 2616 532 2671 esset.
575 2606 756 2671 Nonnullae
784 2615 894 2671 tamen
922 2607 1046 2672 formae
1073 2608 1264 2672 recentioris
1292 2606 1436 2694 temporis
1496 2655 1497 2668 ,

335 2705 476 2793 probare
506 2716 644 2792 possunt
670 2704 765 2770 huius
795 2715 913 2793 poetae
942 2714 1048 2770 aetate
1076 2705 1286 2789 solutionem,
1320 2703 1435 2772 etiamsi

334 2805 512 2870 contractio
541 2806 647 2890 magis
678 2806 848 2892 magisque
874 2806 907 2868 in
928 2811 1030 2868 usum'
1056 2808 1198 2888 veniret,
1229 2807 1434 2892 principatum

332 2905 484 2970 tenuisse.
529 2902 636 2992 Saepe
658 2904 754 2986 enim,
775 2913 812 2968 ut
825 2905 972 2969 omittam
992 2902 1113 2969 formas
1134 2905 1214 2970 satis
1233 2914 1328 2970 notas
1348 2902 1435 2968 veluti
1488 2933 1496 2988 p

333 2999 513 3085 βασιλέας,
543 2997 656 3087 Ῠδέθς,
684 2995 806 3088 ἡδέων,
835 3001 1010 3067 verborum
1031 3025 1188 3088 purorum
1207 3004 1242 3068 in
1264 3025 1308 3066 εω
1331 3005 1435 3088 stirpes
1495 2999 1496 3050 l

334 3102 587 3190 monosyllabas,
610 3125 651 3167 ne
672 3124 692 3167 a
714 3123 833 3190 prosae
852 3100 983 3188 quidem
1005 3103 1161 3168 orationis
1181 3102 1391 3188 scriptoribus
1410 3107 1435 3162 et

335 3225 355 3266 a
379 3203 514 3288 tragicis
535 3203 640 3288 poetis
662 3204 696 3266 in
717 3201 873 3266 trimetris
896 3201 1097 3266 contrahitur
1118 3201 1390 3267 substantivorum
1408 3199 1434 3262 in

335 3322 372 3376 ος
386 3302 519 3366 alterius
534 3300 759 3366 declinationis
772 3301 941 3384 genetivus
954 3299 1007 3386 pl,
1020 3301 1058 3366 cf.
1072 3296 1216 3377 τειχέων,
1242 3291 1375 3362 ἀνθέων
1387 3299 1434 3376 ³⁰);

333 3402 465 3465 nomina
496 3421 569 3464 cum
600 3394 698 3474 κλέος
729 3421 811 3463 voce
840 3401 1021 3485 composita
1050 3399 1138 3465 haud
1165 3421 1241 3464 raro
1274 3399 1431 3486 pristinam
1494 3421 1495 3444 ¹

310 3499 471 3564 ‘formam
502 3499 695 3564 nominativi
730 3507 902 3564 servarunt
930 3503 1129 3587 (quanquam
1163 3497 1343 3585 compluria
1380 3515 1433 3560 non

333 3597 444 3663 Attica
470 3603 571 3676 sunt):
602 3596 739 3672 0.1.1‚
767 3602 827 3665 647
854 3593 1048 3683 Φιλοκλέης.
1072 3603 1147 3674 781,
1168 3606 1202 3664 4:
1228 3589 1432 3684 ‘le]o[o]xls'qc

334 3719 417 3781 quae
446 3705 521 3762 sunt
549 3705 757 3761 monumenta
778 3697 909 3782 privata
939 3697 1017 3760 satis
1039 3705 1184 3777 vetusta,
1215 3719 1319 3784 neque
1339 3696 1430 3760 minus
1493 3741 1494 3776 ,

333 3790 530 3881 ’Υψοκλέης,
555 3787 787 3879 Ἀγασικλέης,
817 3791 1051 3879 Πατροκλέης,
1078 3787 1258 3879 Ἀγακλέης
1284 3797 1317 3859 in
1337 3787 1432 3857 tabula

334 3949 541 3958 ——-—-..—

402 4027 444 4093 29)
464 4026 532 4082 Ahr.
552 4026 588 4096 11,
606 4033 628 4094 ξ.
648 4029 688 4082 26.

300 4125 302 4130 ’
401 4113 444 4178 30)
463 4109 602 4182 Krueger,
619 4107 742 4164 Gramm.
759 4123 849 4180 graec.
867 4106 891 4177 1,
909 4113 932 4175 ξ.
952 4111 991 4176 18,
1009 4111 1033 4161 3.
1053 4107 1136 4177 5311,
1154 4115 1177 4176 ς.
1199 4113 1238 4178 18,
1256 4115 1281 4179 2,
1299 4113 1320 4163 7.

1482 4851 1491 4942 l
