3034 4964
878 457 916 519 14

339 635 432 701 simul
454 637 520 700 in‘e
535 643 658 700 mutato
672 635 725 712 ¹¹):
745 629 820 719 τέῳ,
844 629 936 709 τέων,
960 629 1075 700 νέοισι.
1097 629 1174 697 νέου
1191 635 1329 719 genetivi
1343 633 1430 698 formo

337 757 422 823 quae
443 735 528 800 hane
549 734 710 799 flexuram
732 739 884 822 sequitur,
907 757 972 799 non
993 736 1027 798 in
1048 735 1202 800 universa
1222 733 1299 798 Iade
1320 731 1429 819 quidem

336 837 457 899 usitata
484 843 545 914 est,
582 833 640 898 sed
670 843 813 916 tantum,
846 847 882 898 ut
918 831 1060 913 videtur,
1097 834 1131 898 in
1162 835 1271 920 specie
1302 831 1429 918 quadam.

336 933 478 999 Exstant
497 935 583 997 enim
606 931 693 1020 apud
707 931 938 998 Archilochum
960 955 1009 1020 ep.
1025 939 1064 1000 95
1086 925 1136 1008 τίς
1158 922 1223 1014 ἆρα
1247 925 1369 1012 δαίμων
1387 926 1431 991 καλ

335 1027 409 1098 τὲοο
438 1026 654 1112 χολούμενοςς
687 1031 783 1110 (huno
819 1042 986 1096 accentum
1015 1054 1057 1096 ex
1091 1031 1243 1118 analogia
1274 1040 1431 1095 ceterorum

338 1154 472 1196 casuum
492 1154 564 1195 cum
580 1131 724 1216 Bergkio
747 1133 863 1217 posui),
886 1131 1019 1195 affertur
1034 1130 1142 1218 Etym.
1165 1131 1208 1197 M.
1233 1136 1303 1215 752,
1330 1137 1364 1196 15
1380 1139 1432 1194 not.

333 1233 432 1293 τοῦτο
459 1225 497 1294 τὸ
525 1224 590 1293 τέω
618 1225 698 1308 (τέο)
724 1223 923 1314 τετόλμηται
950 1226 1007 1293 καὶ
1031 1233 1124 1294 τεοῦ·
1155 1219 1229 1293 οἷον
1257 1223 1337 1306 „alr
1356 1225 1432 1293 κτλ.“’

334 1329 461 1395 Eadem
483 1327 581 1394 habet
601 1329 755 1394 Faveria.
775 1334 844 1397 181.
889 1329 938 1396 cf.
962 1330 1070 1398 Onam.
1094 1329 1156 1396 An.
1179 1329 1243 1396 Ox,
1266 1331 1300 1414 Ι,
1326 1336 1391 1412 499,
1409 1335 1431 1393 5.

336 1428 492 1494 Similiter
514 1428 720 1514 grammatici
749 1428 888 1493 afferunt
915 1429 1046 1494 dialecti
1068 1429 1222 1495 Aeolioae
1250 1423 1337 1506 τίος,
1364 1421 1431 1501 τίον,

337 1539 368 1593 et
386 1528 504 1614 legitur
516 1520 587 1612 τίῳ,
599 1521 730 1610 τίοισιν,
743 1528 776 1590 in
794 1527 910 1614 quibus
929 1529 1042 1594 formis
1060 1529 1112 1594 vel
1129 1531 1197 1594 iota
1213 1539 1374 1594 servatum
1387 1537 1432 1591 est.

333 1629 448 1715 Itaque
463 1649 543 1693 cave
557 1636 661 1692 mutes
681 1623 757 1691 τέοο
779 1628 813 1691 in
834 1621 901 1711 τέο,
918 1628 1064 1694 scribens
1086 1625 1143 1692 καὶ
1163 1623 1363 1710 χολούμενος
1380 1622 1432 1691 τέο.

394 1728 516 1792 Verum
537 1729 658 1792 usitata
678 1729 820 1813 genetivi
841 1728 946 1793 forma
966 1729 1078 1794 Ionica
1100 1739 1150 1793 est
1169 1724 1227 1792 τέο
1247 1738 1280 1794 et
1300 1729 1368 1804 τεῦ,
1388 1725 1434 1790 ubi

333 1828 407 1914 ipsa
429 1828 529 1914 stirps
551 1849 648 1913 pura,
678 1847 696 1888 ο
720 1825 941 1892 additamento
965 1837 1162 1905 uenenato,
1191 1829 1433 1892 terminationem

337 1925 561 1992 declinationis
583 1927 616 1990 in
639 1929 820 1992 oexeuntis
839 1926 902 1991 sibi
917 1927 1112 1995 vindicavit:
1133 1930 1242 2011 ον’-ος·ο,
1259 1929 1349 2016 vl-ja
1363 1919 1431 2000 ον’-ο,

332 2021 418 2092 τέ-ο.
455 2025 537 2091 Cum
553 2025 615 2090 hac
631 2024 780 2091 breviore
794 2026 988 2092 formatione
1010 2035 1086 2114 apte
1107 2029 1292 2114 comparari
1313 2034 1434 2114 possunt

332 2127 526 2212 pronomina
547 2125 749 2212 personalia:
775 2120 895 2209 ε’με-ἲο,
917 2127 1014 2210 τε-ῖο,
1035 2127 1133 2204 οε-ῖο,
1158 2122 1256 2207 ἐμέ-ο
1279 2138 1347 2208 ete,
1368 2120 1432 2206 ἐμοῦ

330 2220 437 2304 (ἐμοῦ)
460 2233 491 2288 et
508 2227 582 2287 τεοῦ
607 2225 694 2309 quod
715 2227 749 2290 in
764 2225 888 2291 Dorica
906 2225 1045 2292 dialecto
1062 2237 1225 2292 servatum
1241 2237 1298 2294 est.
1314 2229 1350 2304 ¹²)
1383 2224 1432 2287 Re·

330 2325 471 2410 peritur:
493 2321 593 2388 Arch.
606 2347 656 2412 ep.
673 2331 743 2392 11οε
765 2321 810 2411 μή
823 2346 877 2388 veo
899 2320 1119 2410 μελαμπύχοο
1136 2320 1240 2412 τύχῃς.
1277 2325 1356 2392 Oall.
1373 2333 1395 2406 1,
1409 2331 1432 2388 l:

327 2415 440 2502 μέχρις
465 2424 535 2487 τεῦ.
580 2423 724 2510 Theogn.
754 2431 823 2491 749.
846 2431 885 2492 50
915 2417 997 2489 odra
1023 2448 1077 2490 τευ
1106 2419 1236 2512 ἀνδρῶν
1256 2425 1270 2511 ΙΙ
1294 2418 1366 2489 οὔτε
1388 2443 1432 2485 τεο

331 2512 513 2584 ἀθανάτων
540 2523 641 2604 μῆνιν
668 2515 871 2604 ἀλευάμενος
892 2530 978 2604 (749.
1008 2547 1041 2588 τι
1068 2525 1148 2609 ΚΟ,
1179 2533 1238 2594 7511
1264 2547 1321 2589 τεο
1340 2525 1382 2608 Α,
1407 2541 1432 2584 τι

230 2655 232 2660 -
331 2621 431 2684 ceteri
453 2630 485 2685 et
506 2619 707 2710 Moschopul.
732 2623 775 2688 ad
796 2624 954 2703 Hesiod.).

393 2719 602 2786 Contractam
632 2722 736 2787 dativi
762 2723 914 2806 formam,
945 2745 1028 2810 quae
1055 2724 1199 2811 Theogn.
1227 2733 1286 2793 139
1316 2724 1432 2810 legitur:

330 2810 416 2882 oo'de'
435 2841 482 2903 τῳ
504 2811 697 2902 ἀνθρώπων
721 2823 756 2886 in
776 2823 860 2888 thesi
891 2834 966 2888 ante
994 2823 1157 2907 vocalem,
1185 2824 1347 2890 Homerus
1368 2843 1431 2909 quo·

329 2940 401 3004 que,
418 2941 511 3006 quem
527 2927 623 3005 poeta
639 2921 792 3007 sequitur,
809 2924 855 2986 sio
871 2945 948 2987 usus
969 2933 1029 2990 est.
1056 2924 1168 3012 Neque
1182 2927 1289 2989 minus
1301 2921 1430 3006 Theogn.

333 3023 409 3084 1299
429 3023 508 3104 (mp)
529 3013 626 3102 μέχρι
647 3013 736 3094 τίνος
764 3043 858 3086 casus
880 3021 1027 3087 oblicuus
1054 3045 1096 3087 ex
1128 3027 1229 3112 stirpe
1255 3045 1307 3086 τιν
1327 3024 1430 3088 forma·

327 3127 380 3181 tus
401 3117 588 3204 analogiam
609 3118 708 3184 habet
729 3121 763 3183 in
784 3109 905 3196 edum,
929 3121 1015 3208 quod
1037 3121 1198 3187 Homerus
1221 3124 1314 3188 dixit.

389 3217 541 3282 Ceterum
563 3217 721 3295 dialectos
735 3217 960 3306 Hippocratea
982 3222 1079 3285 etiam
1101 3223 1134 3286 in
1150 3222 1211 3286 hac
1224 3245 1261 3286 re
1277 3221 1429 3308 vulgarem

327 3317 484 3381 rationem
518 3317 670 3403 amplexa
703 3315 842 3384 videtur.
899 3319 1057 3386 Conferas
1091 3319 1148 3387 Oe.
1180 3329 1239 3390 200
1275 3343 1343 3385 του.
1373 3323 1429 3386 623.

327 3414 386 3480 dv
411 3421 454 3481 12.
492 3415 549 3481 ΕΙ
573 3423 629 3485 168
652 3413 742 3493 τίνος
763 3412 884 3497 (τινός).
924 3419 1176 3487 ΕΙ162τινι.
1212 3421 1275 3485 VA
1295 3429 1332 3489 14
1350 3437 1428 3491 τινες.

327 3514 383 3580 Co.
404 3519 475 3581 223.
495 3515 560 3581 ΕΙ
585 3523 651 3584 165.
680 3524 745 3586 173.
781 3517 948 3586 afflare
968 3537 1051 3595 τισι,
1084 3529 1116 3584 et
1135 3529 1170 3584 ut
1193 3522 1303 3584 statim
1325 3518 1429 3585 addam

326 3635 418 3698 pron.
441 3613 497 3680 rel.
520 3618 733 3703 compositum
761 3619 874 3684 eodem
897 3618 992 3684 modo
1013 3619 1149 3683 flexum:
1178 3619 1268 3683 AAL
1294 3627 1317 3685 Ι.
1340 3612 1425 3689 ὅστις,

324 3705 403 3798 ἥτις.
460 3713 603 3783 vaes:
636 3711 1004 3787 ὅτι-111180.
1038 3705 1065 3802 ᾧ
1097 3741 1171 3782 τοι.
1224 3719 1283 3784 ov
1310 3725 1357 3785 aa.
1385 3717 1427 3780 aa:

325 3806 400 3895 ὅτῳ.
424 3812 486 3878 VA
508 3820 543 3878 7:
568 3811 604 3877 οἳ
621 3835 714 3892 τινες.
758 3815 849 3881 AAL
872 3823 921 3884 23.
942 3822 995 3885 28:
1024 3811 1117 3883 ὅτων.
1161 3819 1285 3884 Contra
1306 3819 1339 3882 in
1360 3815 1427 3880 cete

378 4047 418 4112 11)
436 4043 559 4102 Grundz.
578 4065 605 4118 p.
625 4051 681 4103 536.

375 4131 415 4199 12)
434 4129 501 4186 Aha.
518 4127 554 4200 ΙΙ,
572 4133 629 4185 25).
