3034 4964
841 459 882 526 28

303 637 387 704 Nam
408 636 771 726 plusquamperfectum,
786 640 875 706 cuius
898 638 1008 706 thema
1029 661 1101 705 cum
1123 637 1312 726 imperfecto
1323 637 1406 704 verbi

304 735 473 804 auxiliaris
494 738 528 804 in
551 738 692 806 flexione
721 738 871 825 componi
902 737 1003 820 solet,
1035 737 1125 825 apud
1155 738 1347 807 recentiores
1365 737 1406 802 lo
1493 815 1494 818 Ἴ

303 859 363 902 uas
384 859 512 924 semper
532 836 665 920 formas,
685 839 720 904 iu
740 837 858 926 quibus
881 838 973 920 origo
996 836 1186 924 diligentius
1209 845 1337 904 servata
1359 845 1408 916 est,
1493 823 1494 840 ³

303 934 367 1000 sibi
381 936 531 1002 assumit:
546 958 596 1013 ror,
611 957 678 1013 εας,
693 957 726 1000 er
740 943 832 1014 (casu
845 945 1027 1002 ceterarum
1041 957 1255 1024 personarum
1269 934 1407 1021 exempla

303 1033 435 1116 desunt,
461 1044 499 1100 ut
524 1035 668 1110 videtum
696 1037 915 1104 coniecturam
940 1045 1049 1102 tamen
1077 1035 1118 1100 de
1143 1037 1191 1102 eis
1217 1035 1324 1102 facere
1343 1033 1409 1100 licet

304 1155 346 1200 ex
366 1133 491 1200 Dorica
511 1134 618 1202 forma
640 1129 930 1222 ἕκεκρατηρίχημις
951 1133 1068 1222 Sophr.
1084 1141 1134 1217 71,
1156 1157 1240 1221 quae
1260 1157 1303 1198 ex
1324 1151 1410 1210 εαμις

303 1234 490 1300 necessario
519 1243 602 1300 nata
627 1240 703 1318 est),
737 1254 823 1300 socr.
867 1232 964 1314 Quod
985 1236 1019 1300 iu
1041 1239 1069 1304 3.
1095 1255 1237 1322 persona
1256 1234 1409 1318 antiquum

305 1355 326 1396 α
348 1333 401 1411 (cf.
423 1326 478 1408 ἔα,
502 1332 550 1398 lat
570 1341 666 1413 erat)
687 1335 754 1400 iarn
774 1328 900 1400 mature
922 1333 1003 1398 abiit
1023 1335 1058 1400 in
1080 1353 1110 1409 r,
1143 1356 1181 1398 eo
1203 1332 1330 1400 facilius
1348 1330 1409 1396 fieri

304 1440 447 1521 poterat,
478 1454 551 1498 cum
573 1432 734 1519 syllabam
755 1432 922 1498 clauderet
943 1469 983 1480 —
1006 1455 1024 1494 ν
1045 1434 1132 1498 enim
1150 1433 1339 1498 recentioris
1358 1431 1411 1495 ¹ori-

305 1532 390 1616 ginis
413 1541 462 1596 est
477 1553 532 1605 -3
552 1532 586 1596 in
608 1534 725 1598 ceteris
741 1534 889 1620 personis
903 1554 982 1598 vero
1006 1531 1095 1597 nulla
1115 1532 1302 1598 mutationis
1323 1547 1412 1604 causa
1495 1589 1496 1614 χ

305 1640 383 1700 erat.
427 1631 539 1716 Neque
559 1632 665 1696 minus
680 1632 824 1698 Homero
842 1631 957 1714 forma,
972 1631 1078 1720 qualis
1096 1641 1154 1712 est,
1172 1623 1314 1717 ἠρήρεις,
1331 1651 1412 1716 pror·
1495 1619 1496 1626 ἵ

306 1752 361 1794 sus
387 1729 536 1796 inaudita
562 1729 692 1814 fuisset3
720 1730 801 1796 dicit
828 1731 914 1796 enim
940 1751 995 1808 εα,
1026 1751 1083 1808 sag
1108 1729 1161 1796 vel
1182 1728 1297 1796 saltem
1318 1735 1413 1812 pest

304 1838 429 1896 tantum
451 1831 485 1896 in
507 1835 535 1896 3.
556 1852 605 1917 ps.
628 1841 760 1917 praeter
782 1836 859 1948 spo)
881 1841 913 1895 et
934 1853 954 1916 η
975 1851 1137 1918 usurpare
1158 1828 1290 1894 videtur
1311 1818 1349 1894 rr.
1371 1825 1412 1893 cf.

305 1925 366 1994 Asi
395 1929 511 2044 fragm
541 1935 576 1994 4:
603 1924 690 2016 ἣρως
719 1922 873 2016 εἱστήκει.
915 1928 1045 1996 Deinde
1072 1928 1160 2016 apud
1181 1927 1308 1994 Atticos
1335 1933 1412 1990 vetu-
1496 1981 1497 2008 ἶ

307 2029 424 2100 stiores
452 2029 486 2092 in
510 2039 728 2122 conspectum
759 2029 949 2113 venienti),
973 2050 1028 2114 ης,
1057 2029 1091 2092 in
1119 2033 1149 2094 3.
1171 2050 1221 2114 ps.
1240 2035 1368 2113 praeter
1389 2045 1413 2085 ει

252 2147 256 2154 ’
305 2132 376 2207 (etr)
403 2128 559 2213 etiamr),
591 2129 632 2196 cf.
659 2119 731 2215 ᾔδη.
772 2129 960 2217 Denique
951 2151 987 2194 ιιι
1013 2127 1196 2215 antiquiore
1221 2123 1362 2206 Doride,
1388 2131 1414 2188 et

307 2228 435 2292 mitiore
465 2236 497 2291 et
526 2228 690 2294 severiore
725 2227 827 2294 sclam
854 2228 992 2296 formam
1017 2250 1038 2313 η
1064 2228 1098 2292 in
1123 2250 1185 2292 usu
1211 2227 1312 2292 uisse
1338 2231 1414 2290 recte

306 2325 436 2412 collegit
451 2323 631 2391 Ahrensius
651 2329 681 2405 ¹)
724 2327 826 2392 Vides
850 2327 893 2392 ab
916 2329 1051 2415 antiqua
1066 2326 1184 2412 lingua
1203 2345 1234 2388 ει
1254 2323 1415 2412 diphthon-
1497 2341 1498 2346 ¹

307 2447 393 2510 gum,
416 2431 606 2511 excepta3.
629 2449 678 2514 ps.
703 2450 750 2514 sg.
742 2476 769 2512 .,
789 2448 925 2513 prorsus
948 2425 1089 2491 alienam
1110 2447 1192 2491 esse.
1234 2424 1414 2490 Recentiore

307 2523 436 2589 demum
468 2531 576 2590 aetate
605 2545 636 2588 ea
666 2533 759 2596 ex3.
780 2549 829 2614 ps.
852 2547 899 2613 eg.
932 2520 992 2612 per
1024 2524 1142 2591 falsam
1173 2521 1395 2610 analogiam
1386 2543 1415 2584 ιιι

307 2621 466 2709 pluralem
488 2624 737 2710 transmigravit
758 2649 798 2692 ac
821 2624 922 2692 multo
950 2627 1055 2712 post
1045 2647 1080 2690 ru
1102 2633 1228 2690 ceteras
1251 2620 1415 2708 singularis

307 2741 479 2810 personas,
500 2711 598 2812 idque
616 2734 653 2790 ut
671 2724 815 2808 videtur,
845 2733 970 2789 tantum
999 2723 1087 2811 apud
1107 2721 1235 2788 Atticos
1254 2722 1289 2796 ².)
1331 2717 1415 2784 Unde

307 2819 470 2906 colligitur
491 2842 522 2884 ει
543 2823 642 2888 etiam
664 2823 707 2890 ab
728 2823 1040 2911 iambographorum
1063 2831 1169 2888 aetate
1189 2820 1286 2908 plane
1309 2817 1415 2884 abhor-

307 2920 429 3003 ruisse,
456 2924 648 3008 praesertim
676 2945 749 2988 cum
773 2946 794 2988 a
813 2943 933 3010 prosae
959 2921 1176 3008 scriptoribus
1203 2941 1245 2984 ne
1267 2920 1303 2984 in
1329 2917 1416 2982 tertia

308 3018 440 3108 quidem
471 3043 613 3108 persona
643 3023 726 3109 sing.
760 3023 1016 3088 contractionem
1049 3029 1216 3107 receptam
1247 3017 1416 3083 videamus.

306 3125 494 3194 Archilochi
524 3127 596 3195 loco
625 3151 705 3215 ergo
735 3129 849 3194 saltem
871 3137 1044 3234 exspectas
1070 3128 1206 3194 formam
1225 3103 1417 3240 ἤρηρέιισθα

305 3229 454 3314 (propter
485 3229 651 3316 syninesin
680 3229 747 3294 vid.
778 3232 899 3316 supra).
943 3227 1010 3294 Sed
1038 3237 1147 3292 tamen
1177 3225 1266 3292 haud
1295 3223 1360 3289 scio
1379 3243 1415 3286 an

308 3335 406 3412 poeta
432 3328 602 3414 scripserit
628 3321 835 3416 ἠρήρ-ε-σθα
863 3329 984 3394 omissa
1014 3327 1107 3392 verbi
1129 3325 1299 3392 auxiliaris
1318 3325 1416 3388 termi-

307 3427 437 3493 natione
459 3449 517 3503 ας,
541 3449 615 3494 cum
637 3429 747 3492 o3c
737 3449 804 3494 ram
816 3426 912 3492 satis
943 3438 1036 3493 esset
1079 3427 1155 3498 Hac
1179 3427 1305 3492 ratione
1326 3423 1416 3489 etiam

308 3526 494 3614 corruptela
520 3527 634 3593 melius
662 3527 919 3615 explicatur.
877 3526 1042 3591 -Porro
1068 3528 1188 3591 iustam
1215 3545 1350 3590 causam
1369 3521 1416 3586 de·

308 3625 481 3710 siderabis‚
504 3648 561 3692 eur
584 3627 730 3714 Theogu.
754 3633 815 3696 667
835 3625 976 3692 editores
997 3625 1166 3713 vudgatam
1188 3611 1310 3706 οἷάπερ
1333 3614 1417 3710 ῄιιειν

307 3726 484 3808 coluerint
510 3725 659 3813 neglecta
680 3725 803 3794 codicis
823 3723 854 3790 A
877 3725 1040 3812 scriptura
1060 3717 1173 3812 ἤδη,
1163 3745 1235 3791 ue.
1259 3714 1338 3810 ᾕδης
1366 3715 1416 3786 sed

376 3979 402 4128 di
421 3973 622 4115 ddrtamnirddd
634 4073 691 4112 rem
716 4058 847 4112 mactant
866 4056 977 4114 Curtius
999 4056 1029 4111 in
1054 4055 1126 4112 libro
1147 4056 1230 4111 inscr.
1248 4051 1416 4109 munerun·

307 4159 363 4215 gen
380 4161 407 4215 p.
431 4146 553 4199 ros-10.
1098 4173 1100 4178 ·
