3070 4962
766 427 881 516 *8ss
906 506 971 518 --

307 597 563 685 συνεζευγμένως
587 604 694 670 Sohol.
717 604 883 690 Aristoph.
908 605 967 670 Av.
992 611 1060 673 305.

307 693 565 782 ἐκπεπταμένως
585 703 668 768 Xen.
693 704 769 791 Oyr.
793 709 822 782 8,
845 709 873 786 7,
898 709 931 772 3.

307 796 516 881 κεκραμένως
535 803 618 867 Plut.
642 802 723 868 Mor.
749 825 779 888 p.
805 807 864 869 335
886 799 924 870 A.

308 896 576 984 συγκεκραμένως
598 902 705 967 Gloss.
771 939 774 946 .

308 995 552 1081 κεκορεσμένως
572 1001 625 1066 Et.
648 1000 692 1066 M.
715 1023 746 1087 p.
774 1008 819 1083 to,
843 1007 890 1066 42.

309 1093 500 1182 ἐρρωμένως
521 1100 638 1168 Aesoh.
661 1099 768 1166 Prom.
793 1105 842 1166 65.
873 1100 1038 1187 Aristoph.
1066 1103 1166 1189 Vesp.
1198 1107 1276 1184 2303
1308 1101 1429 1186 saepis·

314 1243 318 1254 «
351 1199 486 1264 simoin
508 1200 655 1286 pedestri
677 1200 831 1265 oratione.

309 1289 586 1380 ὓπερερρωμένως
607 1299 686 1365 Poll.
709 1307 738 1382 4,
762 1305 810 1366 89.
834 1306 863 1381 5,
888 1305 954 1366 125.

391 1396 444 1462 Ab
460 1393 659 1480 -έρρωμένως
687 1399 845 1464 formatur
871 1399 1114 1486 comparativus
1145 1391 1433 1482 ἐρρωμενεστέρως

310 1505 342 1562 et
364 1497 582 1582 superlativus
603 1494 868 1583 ἐρρωμενέστατα
891 1499 972 1564 Plat.
995 1498 1086 1584 Rep.
1099 1505 1126 1566 3.
1143 1521 1173 1585 p.
1198 1505 1254 1565 40¹1
1282 1497 1326 1582 D,
1349 1498 1432 1561 siout

310 1617 330 1659 a
352 1592 594 1677 κεχαρισμένως
616 1597 782 1664 deseendit
804 1592 1109 1681 κεχαρισμενώταεα
1132 1599 1214 1664 Xen.
1238 1597 1339 1685 Hipp.
1361 1603 1429 1679 1,1.
1524 1683 1525 1686 Ἴ

310 1693 418 1782 Atque
440 1695 516 1760 hine
537 1699 691 1762 transitus
714 1707 805 1784 patet
824 1697 867 1762 ad
890 1721 929 1762 ea
948 1721 1030 1786 quae
1045 1698 1086 1763 de
1098 1697 1329 1764 adverbiorum
1344 1717 1431 1761 eom·
1524 1781 1526 1788 Ι

306 1781 482 1880 ‘paratione
505 1817 602 1884 quam
624 1806 742 1861 vooant
764 1797 958 1884 exponenda
980 1808 1063 1863 sunt.
1353 1811 1356 1818 ’

354 1965 377 2026 ξ.
398 1964 422 2015 7.
458 1963 510 2016 De
526 1965 777 2018 ocloerbiorum
793 1963 958 2030 prodidero
979 1963 1261 2032 comparationis
1278 1962 1313 2016 ia
1333 1983 1389 2023 -ως
1444 2021 1449 2032 ,

708 2045 718 2064 ‘
759 2047 975 2102 exeuntibus.

855 2180 881 2245 I.

238 2409 243 2420 ρ
310 2353 316 2363 ’
396 2344 489 2424 Quae
517 2344 675 2412 adverbia
702 2347 978 2434 comparationem
1006 2345 1168 2432 graduum
1193 2348 1320 2432 possint
1346 2351 1434 2412 reci·
1533 2374 1534 2396 ν

308 2466 400 2530 pere,
423 2467 507 2530 quae
529 2467 593 2510 non
615 2445 750 2531 possint,
775 2455 806 2510 et
827 2469 891 2532 qua
912 2447 1038 2514 ratione
1061 2446 1265 2531 expositive
1294 2457 1327 2512 et
1346 2471 1433 2516 oom-

307 2546 478 2630 parativus
500 2553 531 2608 et
564 2543 780 2628 superlativus
816 2543 1065 2630 proficiscantur
1095 2553 1242 2630 apertum
1273 2556 1323 2610 est
1351 2546 1431 2634 legi-

308 2642 433 2729 busque
457 2642 635 2730 dequibus
663 2665 757 2707 nemo
787 2643 914 2707 dubitat
941 2645 1158 2709 constitutum.
1201 2643 1313 2730 Neque
1342 2649 1431 2731 quis·

309 2763 407 2828 quam
429 2741 526 2807 hodie
546 2745 580 2805 in
601 2741 718 2806 litteris
742 2741 878 2807 Graeeis
902 2741 984 2806 adeo
1007 2742 1125 2828 hospes
1156 2751 1204 2806 est
1227 2746 1282 2829 qui
1303 2746 1433 2809 neseiat

309 2840 469 2906 adverbia
491 2841 595 2906 solere
616 2843 649 2906 in
663 2843 886 2928 comparativo
903 2853 933 2905 et
949 2841 1147 2930 superlativo
1170 2863 1260 2905 suam
1274 2850 1434 2928 tanquam

309 2949 431 3004 vestem
455 2963 573 3004 exuere
595 2963 769 3026 eorumque
789 2941 867 3008 loeo-
884 2940 1117 3028 adjectivorum
1134 2949 1324 3006 neutrorum
1336 2963 1432 3006 aneu-

311 3041 432 3106 sativos
459 3039 595 3127 pluralis
616 3042 742 3106 numeri
763 3048 815 3123 (-
826 3049 859 3120 α)
882 3039 953 3124 hie²
980 3040 1047 3106 illie
1068 3045 1103 3106 'ut
1124 3042 1157 3108 iu
1178 3039 1291 3124 lingua
1311 3040 1436 3107 Latina

313 3137 487 3225 singularis
509 3147 561 3217 (-—
583 3151 633 3219 ov)
655 3142 817 3226 usurpari.
841 3138 890 3206 Of.
912 3140 1066 3204 Lasearis
1090 3139 1237 3218 Gramm.
1258 3162 1291 3226 p.
1315 3147 1383 3212 141.

845 3317 885 3386 II.

392 3486 542 3550 Licuisse
565 3497 671 3551 autem
694 3485 830 3552 Graecis
844 3508 940 3572 quam
956 3487 989 3550 in
1011 3487 1151 3572 positivo
1168 3487 1432 3554 terminationem

226 3603 231 3614 '
310 3585 447 3650 eandem
467 3587 502 3650 in
522 3589 745 3671 comparativo
769 3608 896 3673 quoque
918 3584 1084 3650 adverbiis
1101 3585 1254 3669 tribuere,
1279 3585 1336 3652 diu
1360 3587 1433 3652 sive

309 3709 444 3772 prorsus
467 3686 652 3771 ignoratum
668 3687 737 3750 sive
749 3706 864 3772 parum
887 3685 1149 3750 animadversum
1163 3685 1303 3768 videtur,
1327 3685 1433 3752 donee

308 3785 344 3849 P.
366 3784 551 3872 Elmslejus,
575 3785 698 3870 primus
727 3785 761 3848 ni
789 3784 897 3864 fallor,
920 3785 1040 3850 abhinc
1060 3783 1164 3848 lustra
1185 3784 1337 3850 undeoim
1360 3784 1432 3852 fere

310 3885 350 3948 de
369 3884 431 3950 hae
452 3883 583 3948 lieentia
605 3881 755 3948 dubitare
786 3885 903 3971 coepit.
946 3885 979 3949 Is
1001 3884 1102 3964 enim,
1133 3905 1230 3970 quum
1259 3885 1292 3948 in
1312 3907 1431 3950 reeen-

312 3982 413 4048 senda
434 3982 612 4068 Euripidis
628 3982 684 4047 illa
706 3979 826 4063 fabula,
849 4006 931 4070 quae
951 3981 1201 4049 Heraclidarum
1223 3984 1357 4047 nomine
1380 3983 1429 4047 in-

310 4084 433 4170 scripta
466 4092 530 4165 est,
566 4073 608 4147 ad
638 4105 769 4148 vorsum
802 4090 861 4152 544
899 4084 1117 4170 pervenisset,
1145 4080 1203 4146 ubi
1236 4092 1309 4148 sunt
1343 4081 1427 4149 Iolai
1465 4121 1466 4124 =
