3034 4964
793 531 794 534 Ἴ
876 458 895 518 2

330 658 391 723 que
411 636 478 700 fere
491 635 615 700 Dorica
637 637 868 700 consuetudine
884 659 920 701 se
935 634 1108 715 abstinuit.
1143 636 1193 700 Ne
1208 637 1334 722 epicum
1347 629 1426 718 σύν-η

330 734 476 821 quidem,
507 733 593 822 quod
619 735 753 820 propius
782 735 908 800 accedit
936 735 979 800 ad
1000 735 1157 801 Doricam
1186 737 1357 818 rationem,
1381 757 1427 821 ap·
1494 809 1495 820 ἶ

330 843 432 920 paret.
1168 899 1175 910 ,
1494 845 1495 848 ’

390 933 429 997 In
450 934 600 1018 genetivo
631 931 752 1020 ubique
782 933 933 1020 leguntur
961 933 1014 998 vel
1040 933 1261 1000 restituendae
1290 940 1360 996 sunt
1376 931 1427 994 for·

329 1055 403 1097 mae
426 1033 566 1114 Ionicae,
590 1027 669 1112 ἐμεῦ
689 1053 751 1111 μευ
773 1035 829 1096 σεῦ
851 1055 918 1109 σευ,
943 1032 1008 1098 vid.
1031 1037 1061 1116 ξ.
1085 1041 1114 1117 8,
1139 1041 1150 1099 t
1177 1039 1217 1111 a).

392 1131 499 1217 Epica
526 1131 631 1196 forma
659 1132 774 1208 σε-ῖο,
805 1132 890 1197 unde
919 1132 994 1196 illae
1017 1133 1118 1197 eiecto
1146 1132 1214 1197 iota
1241 1139 1335 1195 natae
1361 1137 1429 1210 sunt,

331 1239 453 1294 exstat:
477 1230 621 1316 Theogn.
647 1238 672 1296 1.

393 1328 547 1394 Omnium
563 1338 732 1415 poetarum
746 1337 778 1394 et
789 1340 824 1396 ut
835 1330 963 1396 videtur
977 1331 1116 1398 Aeolum
1128 1330 1264 1417 propria
1283 1339 1331 1394 est
1340 1329 1429 1393 forms

331 1427 429 1490 σέθεν
451 1428 597 1514 Theogn.
620 1435 698 1500 1232
719 1434 798 1517 (nup)
819 1429 925 1513 obvia,
949 1453 1031 1516 quae
1053 1452 1155 1518 purae
1176 1431 1272 1516 stirpi
1293 1429 1430 1494 suffixum

332 1529 395 1590 θεν
417 1526 544 1592 adiecit.

393 1627 553 1692 Dativum
576 1628 652 1692 eatis
675 1636 784 1692 notum
806 1637 856 1694 cst
878 1627 919 1694 ab
943 1629 1044 1714 epicis
1067 1635 1099 1692 et
1116 1626 1249 1692 Ionibus
1276 1637 1311 1692 ut
1331 1650 1350 1692 a
1367 1626 1431 1690 Les·

331 1724 405 1807 biis,
429 1725 486 1790 ubi
508 1726 541 1789 in
560 1725 757 1790 orthotonesi
775 1730 914 1816 ponitur,
939 1719 1025 1808 ἐμοί,
1046 1719 1106 1791 ’σοι’
1120 1725 1195 1810 dici,
1217 1726 1274 1791 ubi
1288 1729 1322 1790 in
1336 1724 1432 1790 enclisi

331 1845 402 1907 μοι,
427 1846 489 1890 τοι.
532 1823 611 1888 111ιισ
631 1825 754 1890 formae
776 1825 941 1912 leguntur:

394 1923 506 1990 Mimn.
529 1930 565 2005 8,
588 1929 606 1989 2
629 1919 683 1986 σοὶ
708 1920 765 1987 καὶ
785 1917 871 2004 ἐμοί.
915 1925 1062 2011 Theogn.
1088 1933 1125 1992 14
1151 1920 1205 1988 σοὶ
1230 1921 1290 2004 μὲν
1312 1959 1350 1970 -
1371 1917 1432 2003 ἐμοὶ

245 2087 248 2091 .
332 2016 378 2088 δέ.
402 2029 441 2088 27
462 2018 517 2086 σοὶ
539 2013 715 2106 (θ’-ἐγώ.
759 2023 857 2090 Arch.
880 2045 930 2110 ep.
953 2030 1002 2106 88,
1024 2031 1058 2092 3:
1080 2019 1134 2087 σοὶ
1155 2019 1192 2086 δὲ
1214 2059 1252 2070 -—
1273 2017 1432 2105 μέλιιειι.

332 2183 335 2189 ,
394 2121 578 2188 encliticae:
599 2143 661 2202 μοι
681 2122 792 2188 Mimn.
816 2131 842 2198 1,
863 2129 896 2188 2:
918 2117 972 2186 ὅτε
993 2143 1051 2204 μοι
1071 2117 1190 2208 μηκέτι
1211 2125 1315 2186 ταῦτα
1335 2116 1430 2204 μέλοι,

333 2221 480 2308 Theogn.
504 2227 563 2290 787
586 2229 644 2285 etc.
666 2242 735 2286 ror:
763 2221 845 2288 Call.
868 2229 897 2305 2,
919 2229 939 2289 2
958 2224 1084 2309 μνῆσαι
1106 2213 1138 2284 6'
1162 2213 1198 2284 εἷ’
1214 2216 1293 2284 κοτέ
1314 2243 1365 2286 τοι
1383 2241 1434 2302 με,-

333 2313 388 2403 ρία
418 2315 505 2383 καλὰ
531 2321 622 2401 βοῶν
650 2322 844 2403 (Σμυρναῖοι
873 2316 1058 2407 suademur).
1101 2320 1180 2386 Sim.
1208 2328 1243 2404 7,
1272 2327 1346 2390 108:
1377 2313 1434 2404 iittt

334 2413 372 2480 δέ
393 2439 447 2484 σοι
460 2411 608 2500 μάλιστα
623 2421 808 2503 σωφρονεῖν
823 2417 925 2486 δοκεῖ.-
953 2421 1055 2506 Hipp.
1070 2430 1111 2485 tr.
1131 2427 1179 2503 16,
1196 2425 1224 2486 2.
1245 2418 1344 2484 Arch.
1357 2422 1400 2500 79,
1415 2424 1433 2481 1.

335 2517 480 2602 Theogn.
505 2521 562 2584 95:
594 2513 746 2594 τοιοῦτός
773 2539 828 2582 σοι
855 2511 985 2598 ἑταῖρος
1016 2511 1098 2604 ἀνὴρ
1127 2512 1228 2605 φίλος
1264 2509 1336 2582 οὔτι
1366 2505 1433 2598 μάλ’

334 2609 467 2690 ἐσθλός.
511 2623 587 2699 465,
617 2617 674 2682 ubi
699 2617 797 2704 vulgo
829 2617 965 2704 legitur:
991 2611 1051 2682 καί
1082 2635 1135 2682 σοι
1164 2613 1204 2681 τὰ
1234 2611 1350 2680 δίκαια
1371 2605 1433 2701 φίλ’

334 2709 433 2798 ἐστιν,
467 2737 540 2780 cum
568 2716 753 2804 Hartungio
783 2739 825 2781 ex
850 2716 882 2781 A
911 2717 1023 2782 codice
1051 2739 1104 2782 σοι
1130 2717 1364 2782 restituendum
1389 2723 1435 2780 est

334 2820 403 2883 633.
424 2820 495 2882 655.
516 2819 549 2880 6:
577 2808 637 2879 cdv
657 2837 712 2878 σοι
734 2809 846 2901 Κύρνε.
863 2810 1015 2879 παθόντι
1037 2818 1148 2892 κακῶς
1167 2807 1345 2896 ἀνιώμεθα
1364 2808 1435 2876 πάν-

332 2934 403 2996 τες,
432 2904 520 2976 ἀλλά
549 2934 603 2976 σοι
634 2906 810 2996 ἀλλότριον
840 2911 941 2999 κῆδος
973 2909 1165 3001 ἐφημέριον.
1202 2915 1326 3000 (priore
1352 2934 1434 2980 versu

335 3031 405 3088 σοι,
441 3011 528 3098 quod
549 3012 670 3098 Bergk.
703 3015 845 3100 recepit,
881 3013 974 3080 codd.
1004 3014 1293 3079 exhibent'omnes
1315 3019 1433 3098 excepto

335 3111 616 3197 praestantissimo
639 3115 677 3195 A,
701 3114 756 3200 qui
773 3133 827 3176 τοι
848 3114 1008 3195 servavit;
1031 3113 1133 3178 altero
1145 3135 1243 3178 versu
1255 3113 1375 3200 Bergk.
1391 3130 1434 3173 τοι

322 3211 368 3274 in
388 3206 442 3272 σοὶ
463 3211 582 3275 mutari
603 3209 695 3287 vult).
721 3217 815 3280 1319:
837 3199 865 3274 d
886 3213 965 3289 παῖ,
991 3205 1066 3275 ἐπεί
1084 3232 1139 3276 τοι
1161 3209 1249 3275 δῶκε
1270 3207 1338 3276 θεὰ
1355 3205 1434 3292 χάριν

332 3301 538 3391 ἱμερόεσσαν.
1065 3310 1069 3320 ’
1234 3369 1237 3374 ,

394 3407 506 3482 Multis
529 3429 606 3473 vero
628 3407 708 3474 locis
732 3409 821 3494 apud
839 3410 1065 3496 Theognidem
1086 3411 1193 3475 forma
1215 3409 1366 3476 enclitica
1384 3431 1400 3474 a
1412 3424 1432 3502 [¹

334 3507 496 3594 incipiens
512 3508 609 3572 etiam
623 3509 657 3572 in
674 3511 796 3594 optimo
815 3509 925 3574 codice
938 3509 1062 3574 tradita
1078 3518 1136 3574 eat.
1167 3509 1213 3574 At
1224 3532 1291 3574 non
1304 3509 1431 3595 licetpu·

333 3614 410 3670 tare
426 3614 557 3692 poetam
579 3605 721 3672 sibinen
743 3617 945 3674 constantem
966 3608 1007 3674 ab
1023 3609 1158 3674 Homeri
1180 3631 1243 3674 usu
1259 3609 1430 3674 declinasse.

335 3704 370 3770 si
384 3707 469 3770 enim
479 3704 639 3770 Doridem
652 3707 743 3790 sequi
764 3707 930 3791 voluisset,
950 3729 1125 3774 cconsona
1146 3707 1175 3772 ei
1197 3707 1349 3794 ponenda
1366 3712 1429 3785 erat,

335 3805 432 3868 etiam
453 3805 487 3868 in
509 3803 716 3886 orthotonesi,
739 3807 830 3870 cuius
851 3809 901 3871 rei
922 3806 1046 3872 nullum
1068 3807 1231 3872 detexeris
1254 3805 1430 3894 exemplum.

335 3901 520 3982 Quamnam
541 3925 619 3968 vero
644 3902 742 3967 aliam
764 3904 937 3972 dialectum
959 3915 1090 3994 poetam
1113 3905 1176 3971 sibi
1197 3905 1241 3971 ad
1256 3904 1429 3974 imitandum

334 4023 517 4088 proponere
547 4005 691 4088 potuisse
719 4012 814 4088 putas
837 4005 901 4070 uisi
921 4005 1079 4072 Doricam
1110 4013 1166 4069 aut
1194 4003 1343 4092 epicam?
1382 4001 1428 4068 Ge

333 4107 438 4165 terum
460 4101 609 4166 conferas
631 4123 714 4189 quae
736 4101 777 4168 de
798 4103 949 4189 genetivo
969 4103 1216 4192 disputavimus.
1245 4105 1355 4191 Itaque
1375 4120 1428 4166 cor·
