3056 4968
873 454 930 516 170

794 531 1002 546 —b—n—

341 629 462 710 (Ocres.
485 629 526 694 de
547 633 715 718 pronunt²
737 653 769 718 p.
784 633 865 708 296).
906 631 957 696 Ita
979 633 1102 716 evenit,
1124 643 1160 708 ut
1180 655 1222 698 ex
1239 637 1340 696 *cala
1360 636 1458 694 *arla

341 729 442 811 fieret,
464 739 661 814 postremos
681 738 756 796 anta
777 735 789 790 l
810 727 898 810 elisa,
920 735 980 794 ala.

403 827 518 896 (tieem
533 827 664 916 quidam
679 826 812 904 (Orator
826 834 864 894 45
880 831 909 909 ἓ.
925 833 994 905 153)
1009 829 1089 894 haec
1103 829 1215 896 habet:
1232 832 1331 918 „quin
1345 831 1458 906 etiam,

341 928 445 996 verba
466 949 565 1016 saepe
586 927 817 994 mnuahuntur
837 951 901 992 non
922 951 999 992 usus
1012 950 1120 996 ¹causa
1140 929 1196 994 sed
1219 930 1359 1012 aurinm3
1396 951 1460 1016 quo

342 1027 437 1093 modo
461 1028 546 1092 enim
567 1035 675 1090 vester
693 1016 826 1090 ‘Axilla'
850 1025 915 1091 Ala
936 1026 1041 1092 factus
1069 1038 1119 1092 est
1144 1029 1207 1092 nisi
1228 1029 1306 1113 fuga
1325 1025 1461 1093 litterae

340 1125 520 1193 vastioris?
536 1147 633 1210 quam
647 1124 790 1190 litteram
806 1125 904 1190 etiam
916 1147 933 1190 e
944 1118 1113 1190 ‘maxillis'
1133 1118 1323 1190 et‘taxillis'
1341 1135 1377 1190 et
1389 1121 1461 1190 ‘ve-

342 1216 429 1290 xillo'
449 1234 480 1289 et
491 1215 851 1311 ‘paxillo’consuetudo
873 1223 1003 1310 elegans
1017 1225 1126 1290 Latini
1142 1226 1297 1294 sermonis
1313 1224 1462 1290 evellit“

339 1326 385 1390 At
406 1325 478 1412 quis
500 1321 674 1388 crediderit
697 1321 858 1408 syllabam
880 1323 1040 1409 positione
1055 1321 1183 1410 longam
1201 1347 1334 1412 eamque
1352 1325 1461 1390 etiam

341 1433 476 1490 accentu
495 1420 680 1509 praeditam
695 1420 880 1486 excidisse?
912 1421 1015 1486 lmmo
1037 1426 1135 1484 axilla
1157 1431 1204 1486 est
1219 1421 1462 1488 deminutivum

340 1523 408 1590 eius
419 1523 509 1588 vocis
525 1543 608 1609 quae
619 1521 681 1584 fuit
692 1526 795 1604 emta,
810 1542 893 1607 quae
905 1520 1035 1608 quidem
1047 1519 1089 1584 ab
1106 1521 1240 1609 eoquod
1252 1521 1348 1588 Gothi
1359 1545 1461 1588 usur·

342 1630 460 1710 parunt
475 1626 582 1683 atrata
599 1641 665 1684 non
679 1617 814 1684 multum
831 1619 953 1685 aberat
985 1619 1081 1699 Quod
1097 1622 1124 1684 si
1138 1619 1272 1684 forsitan
1288 1624 1462 1709 quispiam

340 1720 471 1802 dixerit,
484 1719 712 1806 simpliciorem
731 1717 864 1783 subesse
880 1718 980 1782 verbo
1001 1723 1052 1781 ala
1068 1718 1206 1784 sormam
1224 1719 1313 1800 *ayla
1331 1722 1461 1810 quippe

339 1842 413 1885 cum
430 1818 527 1884 radix
546 1819 615 1882 sine
634 1817 733 1884 dubio
747 1818 789 1882 sit
804 1841 843 1896 ap
859 1818 912 1893 (cf.
924 1816 1161 1882 Schwabeilib.
1173 1818 1214 1883 de
1225 1817 1340 1884 demin.
1357 1841 1397 1906 p.
1407 1825 1458 1898 98)

236 1944 238 1955 ¹
339 1917 390 1983 vel
409 1918 504 1982 *acta
528 1940 569 1982 ex
591 1915 742 2003 analogia
761 1915 891 1980 Sanscr.
910 1938 969 2007 apa
981 1911 1082 1991 (Ourt.
1096 1917 1185 1982 elem.
1201 1927 1297 2004 etym.
1320 1940 1352 2005 p.
1368 1924 1461 2000 123);

338 2017 496 2084 obsistere
515 2015 657 2098 videtur,
677 2016 764 2104 quod
782 2016 862 2080 etin
884 2013 1013 2080 Graeca
1032 2017 1116 2080 etin
1127 2015 1323 2082 Germanica
1341 2015 1460 2103 lingua

341 2125 449 2182 exstat
466 2114 564 2180 radix
579 2113 723 2179 sibilanti
742 2122 838 2192 aucta
855 2138 914 2190 arn
933 2113 1089 2180 habemus
1104 2118 1189 2180 enim
1208 2107 1294 2194 ι’ίξων
1311 2124 1344 2179 et
1362 2122 1459 2179 altra

341 2225 373 2280 et
394 2213 475 2280 illud
495 2212 582 2300 quod
605 2214 702 2277 etiam
718 2211 952 2298 significatione
968 2213 1164 2278 simillimum
1187 2223 1245 2294 est,
1265 2219 1416 2283 abacta,

404 2312 525 2378 Similis
547 2313 631 2377 ratio
653 2311 826 2376 intercedit
844 2314 928 2378 inter
950 2318 1028 2374 mala
1050 2322 1081 2376 et
1102 2319 1241 2389 maella,
1265 2334 1348 2398 quae
1370 2313 1455 2379 deri-

340 2411 450 2478 vanda
473 2420 546 2477 sunt
568 2434 588 2475 a
609 2411 679 2476 rad.
702 2415 794 2494 mal,
817 2435 900 2500 quae
920 2413 953 2476 in
970 2409 1098 2477 Graeco
1119 2403 1236 2491 μάσσω
1259 2433 1318 2498 pro
1340 2406 1454 2495 adaja

339 2518 496 2593 ἄσμενα
524 2516 700 2591 radipert
731 2520 879 2599 apparet.
927 2516 1015 2572 Mala
1042 2511 1140 2596 igitur
1167 2516 1221 2588 (ex
1252 2509 1392 2588 *maala)
1420 2511 1454 2577 id

342 2607 427 2695 quod
450 2607 539 2674 cibos
555 2608 663 2696 depsit
684 2617 717 2674 et
736 2609 866 2696 subigit.

399 2707 528 2774 Deinde
546 2713 637 2788 palae
666 2709 787 2773 iactum
815 2718 864 2772 est
894 2730 935 2772 ex
957 2707 1094 2787 *paclus
1116 2706 1244 2786 *paclus
1272 2709 1325 2784 (cf.
1345 2732 1375 2774 v.
1392 2733 1453 2790 pa·

239 2823 241 2828 ·
338 2811 442 2885 xillus)
465 2831 485 2872 a
505 2806 616 2872 radice
634 2829 698 2886 pay
720 2829 802 2893 quae
824 2807 908 2871 inest
928 2809 963 2870 in
980 2829 1090 2888 pappo.

398 2906 542 2992 Itemque
572 2911 651 2967 talus
680 2927 722 2970 ex
748 2906 896 2984 *taalus,
925 2905 1016 2970 carius
1044 2905 1189 2970 radicem
1219 2927 1291 2970 esse
1321 2910 1371 2968 tot
1399 2906 1450 2982 (cf.

337 2998 456 3084 τεύχω,
480 2998 596 3080 τόκοςς
619 3002 688 3068 Ser.
711 3009 797 3066 taket
816 3003 977 3080 bebauen,
1005 3005 1219 3090 versertigen3
1253 3004 1326 3068 Lat.
1349 3019 1451 3068 tac-ao

247 3123 249 3128 ·
338 3107 359 3170 i.
377 3129 404 3170 e.
428 3117 503 3181 taxo,
525 3111 658 3178 taratara)
681 3105 742 3168 etsi
763 3127 828 3170 non
850 3103 999 3168 omnibus
1021 3105 1164 3168 numeris
1185 3111 1309 3170 certum
1331 3112 1389 3184 ert,
1409 3126 1449 3168 ex

249 3209 252 3216 '
340 3227 377 3270 eo
399 3213 507 3292 tamen
528 3204 599 3268 veri
622 3201 726 3270 simile
745 3203 791 3287 fit,
814 3202 901 3291 quod
923 3203 1038 3268 ceteris
1054 3225 1179 3290 quoque
1199 3203 1232 3266 in
1246 3201 1366 3289 linguis
1381 3225 1446 3268 eam

339 3303 487 3382 videmus
503 3311 630 3366 auctam
645 3324 716 3368 esse
731 3301 875 3368 sibilanti
889 3327 912 3368 a
934 3301 989 3366 Ex
1007 3301 1120 3366 eadem
1134 3300 1245 3366 radice
1260 3311 1445 3368 emanarunt

372 3435 374 3439 ·
401 3409 471 3484 tela,
491 3407 586 3484 talum,
611 3405 734 3464 subtilia.
1524 3401 1525 3420 ¹

400 3501 550 3588 Denique
571 3506 681 3575 velum,
704 3501 732 3564 si
753 3522 795 3564 ex
816 3499 1025 3565 similitudine
1046 3497 1246 3586 reliquorum
1275 3499 1440 3566 verborum

338 3623 421 3691 quae
443 3600 703 3668 enumeravimus
722 3598 799 3664 licet
812 3600 1031 3665 coniecturam
1047 3598 1163 3680 facere,
1178 3620 1243 3666 non
1256 3607 1324 3665 tam
1340 3611 1440 3665 natum

338 3711 388 3766 est
409 3722 451 3765 ax
472 3699 620 3777 *vallam
642 3720 738 3785 quam
761 3719 802 3762 ex
823 3699 960 3762 *carlum
981 3698 1124 3762 *orelam
1147 3696 1200 3768 (cf.
1220 3702 1381 3776 vexillam).

842 3863 870 3945 ξ.
894 3865 942 3932 28.

400 3996 513 4062 Restat
526 4005 563 4062 ut
578 3993 679 4062 verba
692 3994 852 4060 faciamus
866 3995 905 4060 de
925 3994 1207 4080 gutturalibus
1224 3997 1324 4060 meris
1337 3997 1369 4060 in
1382 4015 1435 4058 me·
1522 4081 1523 4086 γ

339 4095 402 4160 diis
416 4095 584 4164 vocabulis
606 4094 704 4162 elisis.
732 4095 804 4176 Quo
826 4096 860 4160 in
881 4117 999 4182 genere
1017 4118 1081 4162 non
1096 4097 1162 4160 iam
1176 4102 1213 4162 ut
1230 4094 1266 4160 in
1278 4096 1325 4160 eis
1339 4090 1434 4160 verbis
