3088 4966
849 380 909 442 232

777 463 987 474 ...ι-α-

320 563 359 628 ef.
382 562 517 629 Eumen.
540 568 610 629 926.
632 562 688 628 Tr.
711 567 761 629 96.
785 565 854 638 835,
876 560 933 626 ubi
956 580 1082 626 summa
1105 557 1224 621 iniuria
1245 552 1430 620 Dinderfius

321 670 473 748 correpta
492 662 600 748 prima
623 661 752 746 syllaba
775 660 909 745 scripsit
932 649 1056 726 δόλιον.

361 754 645 822 Ποσειδάωνα
669 761 723 824 Tr.
749 765 818 826 502
841 767 944 822 metro
967 755 1210 822 commendatur
1232 777 1295 841 pro
1318 751 1432 818 codicis

320 859 417 924 Laur.
442 861 606 944 scriptura
626 857 840 922 Ποσειδῶνας
863 848 1120 942 ἢΠοσειδάωνα
1135 847 1316 932 τινόκτορα
1333 845 1433 933 γαίας.
1533 895 1534 908 .

320 957 401 1022 Oed.
417 957 453 1023 O.
474 963 567 1024 1493:
591 954 709 1042 ἒναλίῳ
723 949 958 1039 Ποσειδαονίῳ
973 957 1046 1038 θεῷ
1062 954 1101 1018 ef.
1116 952 1209 1017 Piud.
1223 952 1318 1016 Nem.
1334 951 1374 1032 V,
1387 957 1433 1016 37:
1533 957 1534 960 ’

321 1052 470 1138 γαμβρὸν
491 1051 724 1120 Ποσειδάωνα.
768 1055 821 1120 01.
843 1055 900 1136 VI,
922 1059 972 1123 29.
993 1055 1031 1118 P.
1052 1053 1110 1134 IV,
1133 1059 1181 1118 45.
1205 1059 1259 1115 ctt.

363 1146 569 1239 ἀδελφεοί,
603 1157 623 1222 i.
655 1179 681 1223 e.
711 1147 941 1241 aldelmef-ja,
974 1176 992 1218 6
1022 1174 1085 1240 quo
1116 1142 1261 1234 ἄδολοι-ἠ
1292 1148 1434 1213 similiter

323 1263 429 1319 ortum
448 1263 499 1318 est
522 1265 617 1343 atque
636 1251 779 1338 ,δένδρον
801 1276 819 1318 6
841 1247 1008 1336 δένδρεον,
1032 1255 1052 1317 i.
1077 1273 1104 1316 e.
1130 1244 1349 1330 δένδρεϊ-ονε
1372 1247 1435 1312 OR.

226 1382 228 1386 ·
327 1359 394 1419 160.
416 1351 484 1418 ΟΟ.
507 1361 576 1420 535.
601 1344 813 1436 ἀδελφεός
840 1351 929 1440 Sept.
950 1351 1087 1427 974.¹⁰⁷)
1130 1348 1279 1428 Quorum
1302 1347 1438 1412 voeabu-

321 1449 428 1516 lorum
450 1453 598 1537 gravitas
623 1461 655 1516 et
677 1451 875 1518 sollemnitas
897 1451 950 1516 vel
973 1474 1014 1516 ex
1040 1473 1079 1514 eo
1100 1458 1238 1535 apparet
1259 1446 1347 1531 qued
1369 1447 1438 1510 Pin·
1533 1457 1534 1500 1

322 1549 422 1614 <larus
446 1551 564 1636 spretis
587 1551 721 1616 vocibus
743 1551 934 1636 vulgaribus
955 1550 1007 1614 his
1031 1549 1107 1614 solis
1127 1549 1241 1612 formis
1263 1547 1375 1610 utitur.

366 1639 588 1730 ὀκριόεσσα
607 1652 639 1726 (i.
663 1672 689 1714 e.
713 1640 954 1731 inpio-Fer-ja)
979 1649 1066 1735 Sept.
1091 1653 1160 1714 300.

365 1742 596 1812 στονόεσσα
620 1749 710 1814 Pers.
731 1755 818 1820 1053.
839 1748 907 1814 OR.
928 1753 995 1816 186.
1016 1739 1243 1810 στονόεντα
1261 1744 1337 1810 Ant.
1356 1751 1441 1810 1145Ι

365 1839 645 1928 αἱματόεντας
667 1840 1122 1934 δαρ.1045.αὶματόεσσα
1135 1846 1196 1930 Ag.
1211 1851 1281 1913 698.
1300 1843 1362 1910 Ch.
1374 1849 1441 1912 468.

365 1939 599 2026 ἆλμιόεντα
622 1946 702 2033 Sup.
725 1953 796 2016 844.
818 1969 860 2012 ex
881 1947 1064 2012 Hermanni
1086 1946 1283 2010 coniectura.

366 2037 626 2125 σἰνεμοέντων
647 2045 707 2112 Oh.
729 2051 798 2112 592.
830 2037 1060 2126 ἆνεμόεσσα
1090 2045 1146 2109 Tr.
1169 2050 1239 2112 953.
1270 2035 1443 2123 ἀνεμόεν
1533 2129 1534 2152 ¹

325 2145 402 2210 Ant.
426 2149 495 2212 354.

297 2283 299 2288 2
368 2238 590 2326 νιφόεντος
611 2243 679 2310 OR.
702 2250 771 2312 473.

366 2337 596 2426 ιττερόεσσα
618 2341 687 2408 OR.
709 2347 779 2408 509.

336 2521 337 2524 Ἴ
364 2436 659 2525 μαρμαρόεσσα
681 2439 757 2507 Ant
780 2448 852 2510 610.

408 2541 628 2606 Adiectiva
649 2542 683 2605 iu
705 2561 772 2616 εος
792 2550 823 2606 et
846 2561 916 2616 σος
938 2544 1091 2606 exeuntia
1106 2543 1256 2628 quamvis
1273 2549 1306 2602 61
1320 2541 1356 2602 in
1371 2561 1444 2604 ean-
1533 2537 1534 2550 ¹

325 2641 399 2703 tieis
421 2641 498 2704 etin
511 2639 667 2706 diverbiis
688 2641 906 2724 inveniantur,
929 2643 1061 2706 minime
1080 2651 1190 2706 temen
1208 2639 1381 2725 utriusque
1391 2661 1446 2722 ge·
1533 2711 1534 2722 1

326 2739 412 2802 neris
437 2739 552 2804 eadem
572 2749 622 2804 est
636 2741 720 2805 ratio
737 2749 834 2828 atque
849 2741 1008 2807 condicio:
1031 2743 1065 2806 in
1080 2741 1215 2806 canticis
1235 2737 1362 2802 scilieet
1377 2741 1445 2802 sive

325 2860 424 2902 unam
447 2838 546 2904 efficit
568 2838 730 2924 syllabam
751 2838 881 2904 illarum
898 2863 1014 2904 vocum
1030 2840 1215 2904 terminatio
1232 2839 1302 2902 sive
1317 2859 1354 2900 re
1368 2860 1446 2900 vera

325 2937 423 3003 binae
445 2948 476 3002 et
496 2938 672 3004 audiuntur
702 2946 734 3004 et
761 2947 864 3002 metro
887 2940 1117 3024 exprimuntur
1138 2935 1304 3024 syllabae,
1337 2938 1446 3023 utique

326 3046 434 3101 exstat
449 3037 607 3103 diaeresis
630 3061 713 3125 quae
736 3047 886 3120 vocatur3
910 3049 1024 3102 contra
1043 3039 1077 3101 in
1098 3036 1254 3102 diverbiis
1278 3058 1295 3098 e
1314 3035 1445 3099 diversa

325 3159 533 3202 numerorum
569 3145 687 3202 natura
727 3136 860 3202 diversa
899 3137 1039 3203 effloruit
1078 3137 1222 3224 scriptio,
1272 3133 1445 3198 Habemus

326 3237 412 3298 enim
436 3235 641 3302 diaeresis
665 3245 704 3300 et
723 3237 1019 3322 pronuntiatae
1036 3233 1446 3322 etseriptaeexempla
1533 3293 1534 3296 ,

325 3333 405 3398 haee
426 3335 461 3398 iu
483 3337 677 3401 canticis:

367 3433 435 3499 OC.
462 3441 554 3500 1051:
577 3435 763 3518 θνατοῖσιν,
788 3421 833 3496 ὦν
855 3431 911 3497 καὶ
929 3429 1129 3517 χρυσέα...

368 3533 416 3599 ΕΙ.
440 3541 515 3600 51οι
537 3529 802 3616 παγχρυσέαιν
825 3527 963 3618 δίφρων.
1240 3547 1257 3584 ⁸

367 3633 436 3698 ΟΒ.
460 3639 533 3701 158:
556 3625 714 3714 εἷνιέμοι,
740 3622 767 3696 ὦ
787 3629 959 3716 χρυσέας
980 3628 1094 3696 τέκνον
1105 3623 1273 3708 Ἐλπίδος,
1300 3623 1447 3715 δι’μβροτε

1083 3727 1193 3812 disiice.

329 3885 537 3894 —-——-——-———

379 3967 437 4026 101)
460 3963 536 4034 Sept.
557 3967 614 4018 576.
636 3963 768 4018 librorum
785 3963 933 4034 scriptura:
964 3967 1010 4018 καὶ
1033 3965 1082 4019 τὸν
1101 3966 1151 4018 σὸν
1176 3955 1260 4025 αὖθις
1285 3962 1446 4033 πρόςμοοον

325 4046 499 4117 ἀδελφεόν
516 4052 612 4118 aperte
629 4048 764 4102 mendosa
781 4052 829 4104 est.
