3056 4968
854 439 912 502 184

389 618 461 682 Hoc
489 618 589 701 igitur
614 616 686 682 loco
715 641 780 682 non
810 628 875 682 tam
905 619 1090 706 quaeritur,
1122 641 1185 705 quo
1214 618 1329 702 lingua
1347 619 1442 682 fuerit

326 717 496 797 inclinata,
527 738 624 800 quam
647 738 730 802 quae
750 719 874 783 formae
901 718 999 782 fuerit
1025 719 1127 802 origo.
1171 717 1302 782 Deinde
1325 719 1353 781 si
1375 741 1439 781 me·

327 817 524 895 miserimus,
546 815 688 900 Augusti
716 826 822 882 aetate
854 827 969 904 poetas
999 817 1170 903 aliquoties
1199 815 1334 900 longam
1355 839 1441 880 men·
1522 897 1523 908 ἢ

329 939 436 978 suram
458 916 654 997 restituisse,
676 939 736 1002 pro
759 937 839 1004 qna,
861 939 935 980 cnm
958 915 1133 980 secundnm
1152 915 1263 1000 ipsam
1280 916 1439 1000 originem
1522 909 1523 912 '

329 1015 513 1080 necessario
540 1014 639 1098 longe
666 1024 766 1096 esset,
798 1017 919 1080 scenici
948 1025 1062 1101 poetae
1096 1024 1129 1080 et
1160 1013 1278 1097 volgus
1306 1013 1441 1078 brevem

329 1113 561 1178 substituerent
582 1113 696 1190 (efiftir
711 1124 797 1180 certe
812 1105 1002 1199 productum
1026 1115 1098 1178 sive
1114 1121 1262 1178 exortum
1277 1136 1321 1183 ex
1343 1115 1442 1176 *hisce

329 1215 397 1276 sive
419 1236 459 1276 ex
482 1215 586 1294 *toicq
608 1211 701 1278 brevi
724 1213 830 1278 vocali
852 1213 941 1300 apud
961 1215 1113 1280 Plautum
1135 1213 1330 1293 invenimus,
1354 1213 1443 1298 apud

327 1311 508 1396 Vergilium
529 1312 643 1396 longa,
665 1312 705 1376 cf.
727 1312 806 1378 Aen.
823 1312 881 1396 Vl,
904 1320 978 1380 791:
1005 1317 1065 1374 Hic
1088 1315 1145 1392 vir,
1168 1315 1215 1373 tic
1238 1325 1302 1374 est.
1316 1319 1378 1389 ...)
1399 1312 1444 1375 fe-

329 1409 399 1474 cilis
427 1413 487 1474 erit
514 1412 715 1491 coniectura,
743 1411 877 1476 candem
909 1412 1141 1476 condicionem
1160 1433 1232 1474 csse
1259 1411 1374 1474 suffixi
1403 1425 1447 1472 ter

327 1531 439 1574 vocem
462 1511 561 1594 igitur
580 1523 673 1589 pater
695 1509 852 1596 producte
874 1510 918 1574 ab
938 1513 1031 1575 initio
1054 1509 1174 1574 dictam
1195 1532 1276 1574 esse.

317 1673 319 1680 ,
391 1607 574 1694 Sequuntur
596 1611 659 1672 trie
681 1607 841 1674 vocabule
855 1612 889 1674 in
901 1609 1058 1694 liquidam
1070 1609 1232 1690 exeuntia,
1255 1631 1342 1694 quac
1358 1611 1445 1674 omni
1522 1647 1523 1650 =

329 1716 476 1792 tempore
496 1707 691 1793 productam
712 1709 859 1773 vocalem
882 1718 1067 1773 servarunt:

389 1811 461 1888 Lo'rr,
479 1817 552 1888 ptr,
573 1814 628 1872 ccl
666 1807 743 1872 Sine
765 1807 863 1872 dubio
884 1810 919 1874 in
934 1807 984 1872 his
999 1807 1193 1872 nominativi
1212 1807 1347 1891 signnm
1370 1829 1444 1872 con·
1522 1859 1523 1866 ,

329 1927 407 1970 sona
429 1931 443 1966 s
463 1906 533 1987 fuit,
555 1909 659 1982 *Lars
680 1907 786 1986 *poro,
806 1908 884 1970 *sats
906 1908 946 1972 cf.
970 1905 1028 1972 Gr.
1042 1901 1116 1988 ἅλς;
1137 1907 1308 1991 genetivus
1332 1915 1443 1970 autem

316 2021 401 2068 'cum
428 2005 539 2090 stirpis
569 2005 701 2072 brevem
729 2006 879 2072 ostendat
899 2005 1061 2072 vocalem:
1092 2003 1198 2085 Liris,
1219 2000 1329 2084 priris,
1358 2006 1443 2086 silis,

327 2104 362 2166 in
383 2105 582 2170 nominativo
605 2104 733 2170 abiecta
753 2104 861 2170 littera
883 2131 898 2167 s
917 2105 1041 2171 vocalis
1063 2104 1223 2192 producta
1245 2113 1304 2172 est.

778 2279 781 2284 '
821 2273 864 2354 .§.
887 2274 935 2338 37.

389 2401 563 2490 Liquidam
591 2410 603 2464 l
634 2413 741 2468 autem
775 2404 810 2467 in
840 2403 904 2468 fine
936 2405 1079 2492 positam
1107 2406 1197 2470 vocis
1229 2404 1344 2470 elisam
1370 2429 1442 2470 esse

328 2509 404 2564 ente
423 2523 438 2560 s
460 2503 733 2567 verisimillimum
747 2502 827 2568 mihi
842 2503 973 2569 videtur
990 2505 1028 2570 ‘in
1045 2504 1187 2570 secunda
1201 2527 1345 2590 persona
1358 2509 1441 2592 sing.

326 2599 391 2664 ind.
415 2623 435 2663 a
456 2599 557 2665 verbo
577 2608 666 2680 velte,
693 2600 836 2667 sednon
861 2625 902 2666 ex
928 2603 1006 2665 *olis
1033 2614 1181 2668 exortam
1207 2625 1280 2668 esse
1308 2610 1371 2687 vis,
1408 2615 1443 2669 nt

328 2696 509 2763 Gorssenns
530 2699 609 2764 olim
628 2701 662 2764 in
685 2699 787 2787 symb.
810 2703 880 2768 crit.
903 2707 946 2789 (p.
969 2705 1029 2770 388
1052 2710 1112 2789 sq.)
1136 2703 1357 2769 contenderat

390 2797 499 2862 Aliam
522 2798 652 2884 quidem
665 2799 914 2885 explicationem
927 2811 1041 2888 postea
1052 2803 1224 2888 proposuit
1234 2803 1269 2866 in
1285 2801 1440 2866 additam.

327 2921 359 2982 p.
382 2901 449 2966 288.
478 2921 517 2962 ac
539 2901 629 2984 prior
652 2901 720 2966 eius
746 2903 856 2986 opinio
884 2911 1014 2986 praeter
1043 2923 1115 2966 eam
1144 2923 1311 2982 caussam,
1343 2923 1440 2986 quam

325 2997 397 3082 ipse
421 2997 570 3082 protulit,
601 2999 699 3065 etiam
727 3010 902 3085 propterea
928 2999 1102 3064 refutanda
1128 3009 1215 3079 erat,
1249 2998 1337 3087 quod
1363 3023 1440 3086 quo·

326 3095 432 3160 modo.
445 3097 621 3162 secundum
632 3098 721 3163 illem
739 3098 837 3184 longa
849 3099 982 3182 vocalis,
1005 3107 1138 3163 auctore
1151 3097 1322 3163 Prisciano
1334 3096 1439 3176 (xm,

326 3201 344 3260 6
362 3194 416 3271 H.)
439 3193 480 3259 ab
502 3198 736 3282 antiquissimis
759 3219 818 3284 per
840 3201 867 3260 ei
888 3201 971 3276 (veis)
994 3198 1132 3284 scripta,
1155 3196 1317 3283 explicari
1334 3201 1440 3284 possit

322 3315 418 3358 nemo
439 3287 634 3380 perspiciat.
682 3297 855 3363 Recentior
882 3320 959 3362 vero
989 3295 1142 3363 Oorsseni
1171 3298 1332 3360 sententis
1360 3295 1439 3360 haec

325 3401 386 3456 est:
419 3393 626 3460 Declinatam
654 3419 724 3460 esse
751 3396 891 3460 Latinae
918 3397 1029 3483 stirpis
1042 3395 1192 3460 ¹formam
1221 3402 1303 3474 sot,
1333 3402 1396 3458 val·
1422 3418 1438 3458 e

324 3491 435 3559 radice
455 3517 528 3573 var,
548 3495 582 3558 in
603 3494 715 3579 lingua
737 3493 906 3560 Sanscrita
932 3495 1072 3581 eligendi
1095 3503 1255 3581 potestate
1276 3495 1435 3581 praedita,

324 3588 371 3654 ita
392 3601 427 3654 ut
448 3616 466 3652 r
487 3591 595 3656 littera
624 3595 657 3658 in
679 3592 735 3658 ille
756 3617 911 3680 persona,
940 3595 979 3660 de
1001 3617 1065 3682 qua
1087 3593 1437 3682 dicimus-relinquere-

323 3694 393 3772 tur3
415 3692 515 3764 fuisse
530 3693 629 3777 igitur
650 3695 865 3778 antiquiorem
876 3695 1013 3760 formam
1034 3696 1131 3759 *cera
1161 3694 1210 3758 Ne
1230 3693 1293 3759 hoc
1311 3693 1435 3780 quidem

327 3790 477 3876 cuiquam
505 3793 619 3876 opinor
641 3792 858 3876 persuadebit.
904 3792 1154 3858 Graeco-italico
1178 3794 1263 3858 euim
1294 3802 1435 3880 tempore

324 3891 392 3952 iarn
414 3888 470 3953 ille
492 3915 511 3950 r
531 3888 639 3960 littera
661 3890 781 3956 radicis
810 3903 868 3954 car
893 3915 957 3957 non
979 3891 1117 3978 amplius
1146 3893 1180 3956 in
1205 3915 1268 3956 usu
1289 3915 1362 3957 csse
1382 3913 1433 3978 pc·

324 3988 392 4064 tuit,
415 3987 449 4052 id
470 3987 557 4072 quod
578 4011 595 4052 e
617 3988 748 4054 (iresca
768 4013 852 4056 voce
871 3985 1035 4074 βούλομαι
1061 3991 1142 4066 (rad.
1164 3989 1239 4074 pot)
1262 3991 1434 4058 luculenter

325 4087 560 4172 cognoscimus.
606 4119 610 4150 ι
