3008 4968
772 437 982 528 „m-

185 621 192 633 '
317 613 399 691 nasi,
420 621 456 677 ut
471 612 609 692 videtur,
632 605 808 678 ἀναίδειαν
822 613 875 679 vel
886 605 1097 702 druideipv‘q
1110 638 1175 704 qua
1188 616 1223 680 in
1237 637 1317 681 voce
1330 615 1418 680 etiam
1492 609 1493 622 ¹

318 725 443 778 veteres
454 711 557 778 Attici
573 715 787 798 antiquiorem
801 713 856 790 (ab
870 715 994 800 origine
1010 721 1044 792 ᾱ)
1059 715 1206 785 vocalem
1216 714 1348 800 longam
1359 735 1417 778 ser·

317 813 442 877 verunt.
456 813 569 878 Mimn.
581 817 643 894 8,1
666 803 818 897 ἀληθείη.
839 812 922 878 Xen.
937 821 962 895 1,
976 821 1016 880 24
1036 809 1258 900 προμηθείην.
1282 813 1417 898 Theogn.

318 915 387 976 291.
400 918 460 980 648
473 903 625 996 ἀναιδείη
642 911 683 990 (Ο
698 903 851 997 ἆναιδίη).
878 912 1066 978 Priscianus
1083 921 1111 994 7,
1128 914 1257 979 letiam
1268 913 1361 978 affert
1373 911 1399 990 (f
1411 962 1418 976 .

194 1077 197 1084 ,
320 1015 389 1085 188)
401 1002 837 1098 ,Ηίρροηακεῦηθεςκριτὴ
852 1033 912 1098 pro
925 1004 1056 1096 κριτά.“
1098 1012 1420 1097 Praetereamstirpe
1493 1035 1494 1100 p

317 1131 433 1172 vocum
463 1132 482 1191 η
512 1117 650 1196 apparet
675 1109 773 1176 Areh.
801 1120 841 1177 tr.
864 1116 918 1180 43:
939 1112 974 1176 in
995 1102 1071 1198 ἥκη,
1094 1111 1182 1199 quod
1201 1114 1236 1178 in
1254 1111 1362 1196 Etym.
1382 1109 1420 1174 M.
1493 1107 1494 1162 i

317 1208 426 1294 inepte
448 1208 489 1274 ab
503 1203 582 1292 Ιἥκω
598 1209 787 1294 ¹derivatum
816 1213 957 1296 pertinet
987 1213 1095 1298 potius
1126 1212 1169 1277 ad
1196 1209 1342 1274 radicem
1369 1198 1422 1282 cim

316 1306 446 1393 longam
465 1309 609 1374 vocalem
636 1308 738 1374 hebes
768 1311 803 1373 in
823 1310 998 1376 Homerico
1026 1302 1142 1397 εὐηκὴς
1169 1319 1202 1376 et
1227 1309 1262 1374 in
1282 1306 1421 1394 Hesyohi

316 1402 427 1490 glossa
446 1399 524 1492 ἠκή·
552 1399 673 1494 ἀκωκή,
684 1400 784 1494 ἀκμή,
809 1419 907 1498 atque
926 1413 961 1474 in
974 1409 1165 1475 Latinorum
1186 1421 1270 1474 acer.
1283 1406 1421 1474 Cullinus
1494 1435 1495 1482 t

315 1505 366 1582 ¹(fr.
390 1511 421 1582 5)
443 1505 566 1572 dixisse
587 1507 727 1574 refertur
747 1532 775 1598 ‘a
796 1509 959 1575 Strabone
982 1501 1150 1583 Ἠσιονεῖς
1174 1507 1274 1574 Asiae
1295 1505 1421 1586 incolas,

318 1604 358 1669 cf.
390 1603 533 1691 Hesych
568 1630 593 1672 s.
622 1630 654 1672 v.
673 1589 855 1691 Ἠσιοᾶεῖς,
888 1606 999 1695 Steph.
1030 1607 1110 1694 Byn.
1144 1631 1168 1673 s.
1200 1630 1231 1673 v.
1262 1597 1419 1670 Ἠσιονέα.

831 1842 863 1950 ξ.
886 1845 914 1906 7.

427 2037 485 2102 De
506 2037 773 2124 diphthongis
796 2046 834 2103 et
854 2037 1071 2103 vocalibus
1093 2036 1323 2122 productis.

401 2237 507 2322 Saepe
526 2236 685 2300 dialectus
699 2237 825 2318 Ionica,
845 2235 903 2300 ubi
924 2237 959 2300 in
981 2235 1054 2300 aliis
1070 2235 1228 2318 dialectis,
1251 2236 1419 2322 praecipue

316 2339 350 2401 in
368 2337 490 2418 Attica,
513 2335 652 2422 simplex
675 2335 800 2400 vocalis
811 2357 973 2422 apparere
996 2334 1085 2416 solet,
1108 2335 1322 2423 antiquiorem
1337 2333 1421 2419 diph-

317 2434 472 2520 thongum
484 2434 634 2516 ostendit,
656 2456 739 2522 quae
759 2434 812 2498 vel
841 2434 882 2499 ab
905 2435 1031 2520 origine
1054 2443 1124 2500 erat
1145 2433 1197 2499 vel
1219 2433 1333 2500 saltem
1353 2455 1420 2498 con·
1497 2476 1498 2530 p

318 2557 399 2598 sonu
419 2533 530 2620 aliqua
554 2535 657 2599 eiecta
684 2556 726 2598 ex
746 2533 853 2598 vocali
884 2533 1025 2620 simplici
1051 2542 1129 2622 nata
1152 2544 1208 2598 est.
1250 2531 1423 2599 Nonnullae
1497 2531 1498 2600 ἶ

317 2632 454 2714 formae,
486 2632 604 2720 quibus
631 2632 768 2719 elegiaci
791 2634 842 2698 usi
868 2641 958 2710 sunt,
986 2635 1175 2712 vetustioris
1212 2632 1311 2698 solius
1339 2629 1421 2695 Iadis

318 2732 471 2816 propriae
492 2742 574 2796 sunt

405 2852 433 2925 1)
451 2847 502 2912 Ao
524 2849 663 2935 primum
686 2845 815 2936 quidem
837 2844 964 2934 plenius
995 2868 1032 2909 αι
1058 2869 1119 2934 pro
1140 2868 1162 2908 α
1182 2847 1323 2933 positum
1341 2843 1422 2909 vide·

320 2969 390 3012 mus
414 2969 463 3012 m:

403 3037 487 3108 aiei
510 3047 578 3110 sive
600 3036 692 3108 αἰέν
713 3044 886 3122 adverbio,
901 3065 1046 3132 ¹quocum
1069 3045 1216 3110 conferas
1241 3043 1423 3110 Latinorum

234 3195 239 3204 .
320 3168 445 3228 aevum,
470 3143 650 3210 Gothorum
672 3145 812 3226 aiv-s1),
833 3143 927 3229 Tyrt.
951 3151 980 3226 5,
1004 3149 1031 3208 5.
1059 3143 1169 3209 Mimn.
1196 3151 1222 3226 1,
1247 3150 1275 3208 7.
1299 3141 1361 3207 Sol
1382 3144 1423 3219 13,

319 3253 346 3310 4.
389 3245 532 3332 Theogn.
557 3243 642 3331 (plus
671 3266 769 3332 quem
796 3243 914 3328 viginti
942 3241 1032 3326 locis,
1054 3247 1118 3320 utz)
1147 3249 1218 3310 354.
1251 3239 1328 3305 Sim.
1353 3247 1382 3321 1,
1408 3243 1424 3302 4

320 3347 463 3431 (scripsit
482 3343 626 3430 Bergk),
649 3351 682 3406 et
703 3333 791 3405 ais'v:
812 3339 895 3406 Xen.
923 3349 949 3424 1,
962 3347 1012 3407 24.
1034 3341 1179 3427 Theogn.
1202 3345 1259 3408 631
1281 3349 1339 3405 eto.
1366 3337 1424 3402 Pro

319 3444 447 3530 vulgari
469 3444 572 3509 forma
593 3433 656 3524 ἀεί,
679 3463 762 3527 quae
784 3439 954 3528 legebatur
976 3439 1120 3526 Theogn.
1146 3445 1221 3521 634,
1243 3461 1329 3503 nunc
1347 3445 1425 3502 recte

321 3567 341 3608 a
361 3544 505 3630 Bergkio
525 3563 579 3604 rot
600 3541 756 3627 seriptum
778 3549 842 3623 est,
872 3541 993 3627 quippe
1025 3539 1111 3624 quod
1132 3539 1163 3603 A
1184 3539 1327 3624 optimus
1348 3534 1426 3602 exhi·

320 3643 404 3709 beat.
446 3642 536 3707 Idem
558 3643 609 3705 vir
637 3640 749 3706 doctus
778 3648 866 3704 recte
894 3639 1036 3704 rest'tuit
1064 3636 1132 3704 Sim
1162 3646 1196 3720 7,
1229 3643 1268 3706 65
1299 3637 1425 3703 formum

320 3743 475 3806 Ionioam:
504 3733 570 3803 uisi
593 3734 629 3802 de*
648 3731 763 3822 χαί-την
785 3733 1012 3823 interruptim
1033 3738 1146 3824 φορεῖ,
1175 3759 1235 3824 pro
1257 3728 1325 3820 oiri,
1347 3729 1423 3820 quod

322 3841 363 3926 ab
385 3841 534 3906 omnibus
558 3837 691 3904 ionibus
715 3835 854 3904 alienum
875 3848 941 3921 est,
970 3859 1074 3924 neque
1103 3835 1233 3902 deiendi
1259 3835 1336 3901 licet
1355 3852 1427 3899 voce

392 4108 416 4173 1)
435 4102 555 4160 urunoz.
573 4123 599 4176 p.
618 4107 676 4157 345.
