3034 4964
631 451 675 520 '11'

91 639 277 705 Diodorum
299 638 334 717 (l.
358 644 413 719 31,
436 635 542 702 XVII.
565 643 617 714 52)
647 645 792 702 secutum
814 657 893 700 esse.
937 633 1076 721 Saepius
1099 642 1208 700 autem

92 738 238 803 colonias
261 736 303 802 ab
327 738 367 801 iis
389 736 543 820 urbibus,
572 735 659 801 unde
680 735 830 800 conditae
851 741 974 816 essent,
996 735 1128 799 nomina
1149 755 1210 799 sua

91 839 263 923 accepisse
284 837 368 900 inter
388 834 490 901 multa
512 835 577 902 alia
591 835 742 922 exempla
762 834 879 899 docent
895 831 1046 915 Salamis,
1067 831 1208 915 Miletus,

90 937 173 1000 lssa.
197 936 350 1001 Ceterum
367 935 543 1000 seeundum
562 935 621 999 hos
641 934 739 1016 locos,
762 955 842 1019 quos
864 931 960 998 modo
978 931 1080 1014 attuli,
1102 953 1206 996 emen·

90 1033 221 1099 dandus
244 1044 293 1099 est
312 1033 545 1100 Eratosthenes
568 1033 656 1120 apud
678 1031 886 1098 scholiastam
908 1030 952 1096 ad
973 1029 1079 1117 Apoll.
1101 1031 1205 1097 Rhod.

87 1135 119 1195 Δ
136 1139 232 1200 1215:
255 1130 363 1213 ’,μετὰ
384 1126 566 1213 Ἰλλυριοὺς
588 1133 758 1208 Νεοταῖοι,
782 1121 867 1194 καθ’
890 1118 1066 1216 odorricus
1092 1124 1206 1212 Φάρος

88 1227 229 1314 Παρίων
250 1233 387 1307 (Keilius
411 1245 443 1298 et
464 1233 533 1300 cod.
554 1233 652 1298 Laur.
679 1232 823 1314 Φαρίων)
839 1221 1019 1306 tnoaxogr‘

149 1333 208 1398 III.
233 1331 352 1397 Suidas
375 1355 399 1397 s.
421 1356 451 1398 v.
473 1325 632 1414 Πίγελλα
653 1331 735 1396 haec
754 1329 879 1394 traditu

153 1425 289 1506 „crines
316 1424 335 1493 ὁ
363 1421 459 1514 παρ’
488 1425 510 1516 ἡ
519 1431 590 1511 μίν
618 1424 793 1513 λεγόμενος
814 1422 1000 1510 αὴίγελλω(
1028 1451 1057 1495 κ.
1078 1451 1106 1496 a.
1126 1433 1152 1495 λ.
1175 1438 1208 1494 et

87 1529 201 1616 paullo
223 1541 311 1616 post:
331 1524 507 1613 „Hriyetw
530 1523 632 1606 πόλις
653 1524 688 1593 ἐν
708 1531 748 1617 τῇ
766 1521 875 1614 Ἰωνίᾳ
897 1524 940 1589 τὰ
963 1522 1109 1610 Πύγελα.
1146 1527 1205 1596 λα-

86 1630 160 1708 βεῖν
183 1623 220 1691 δὲ
239 1626 281 1693 τὸ
299 1621 422 1710 ὄνομα,
451 1623 569 1716 ἐπειδὴ
588 1630 654 1692 τῶν
673 1625 757 1710 μετὰ
772 1619 1017 1710 Ἀγαμέμνονός
1042 1647 1129 1705 τινες
1149 1651 1205 1694 νο-

87 1721 247 1812 σήσαντες
274 1725 334 1804 τὰς
361 1725 469 1811 πυγὰς
498 1723 646 1792 ἐνταῦθα
673 1723 906 1808 κατέμειναν.“
948 1725 1039 1791 Idem
1065 1735 1205 1796 testatur

86 1825 239 1892 Eustath.
262 1827 305 1892 ad
324 1827 361 1893 Il.
382 1827 410 1890 B
431 1849 506 1914 pag.
523 1833 593 1894 310.
616 1834 649 1892 5:
673 1827 803 1912 ,,πυγῆς
824 1821 861 1888 δὲ
882 1819 1064 1912 παρώνυμα
1084 1824 1203 1892 καὶτὰ

85 1922 176 2008 περὶ·
186 1921 244 2011 τὴν
265 1918 399 2007 ἀντικρὺ
419 1919 519 2002 Χίου,
543 1919 675 1988 πάλαι
693 1916 755 2005 μὲν
775 1918 940 2008 Πύγελλα,
963 1921 1056 2008 παρὰ
1077 1921 1114 1990 dd
1133 1928 1204 2004 τοῖς

84 2023 189 2106 μετὰ
207 2027 330 2088 ταῦτα
356 2019 510 2108 elysaeo
533 2018 621 2108 λόγῳ
644 2024 959 2110 παραφθορᾶς.“

150 2125 292 2210 Propter
313 2124 397 2188 hanc
420 2126 654 2212 aspirationem
676 2124 890 2188 recentiorem
912 2123 1010 2187 etiam
1032 2145 1119 2188 nova
1135 2135 1209 2213 ety·'

85 2224 232 2308 mologia
261 2225 448 2308 excogitata
470 2232 532 2306 est,
564 2243 661 2308 quam
682 2222 807 2309 profert
827 2217 952 2288 Plinius
976 2220 1049 2286 hist
1073 2232 1139 2290 nat.
1161 2225 1201 2291 V.

88 2329 165 2390 114:
200 2318 324 2406 „quta
353 2344 373 2386 a
393 2326 534 2403 sapittvis
564 2321 744 2404 eonditum,
771 2322 818 2386 uti
846 2338 965 2386 nomen
994 2320 1116 2388 indicio
1140 2333 1211 2408 est,

83 2420 236 2508 Phygela
257 2421 317 2486 fuit
338 2430 370 2485 et
391 2420 625 2487 Marathesium
649 2420 867 2509 oppidum.“³)
909 2420 980 2484 Iam
1001 2435 1080 2486 vero
1102 2425 1210 2488 etiam*

83 2520 169 2586 illud
195 2519 403 2605 intelligitur,
434 2523 491 2606 qui
522 2521 596 2603 fiat,
629 2532 664 2584 ut
687 2521 890 2584 vetustiores
907 2521 1083 2607 scriptores
1112 2522 1202 2588 velut

84 2620 208 2705 Lysias
236 2627 268 2682 et
290 2619 521 2706 Theopompus
550 2617 652 2706 (apud
673 2619 870 2708 Harpocrat.
892 2641 918 2686 s.
940 2643 971 2686 v.
993 2617 1141 2702 Πύγελα)
1169 2631 1202 2687 et

82 2718 271 2804 Xenophon
293 2718 390 2794 (Hell.
402 2720 427 2784 I.
445 2725 494 2785 22.
517 2724 549 2796 2)
571 2719 712 2806 itemque
734 2717 854 2783 Strabo
877 2727 909 2782 et
929 2718 1044 2784 Livius
1061 2720 1200 2785 formam

82 2818 175 2882 tenui
204 2818 374 2903 scriptam,
402 2819 598 2883 recentiores
618 2839 697 2881 vero
720 2817 861 2898 Plinius,
882 2817 1082 2904 Pomponius
1102 2819 1199 2902 Mela,

83 2915 242 2998 Galenus,
264 2913 477 2982 Dioscorides
500 2919 679 3004 aspiratam
700 2915 852 2980 habeant.

145 3015 203 3079 IV.
237 3015 443 3101 Phrynichus
471 3015 534 3094 (ed.
556 3015 716 3080 Lobeokii
744 3035 819 3101 pag.
843 3019 916 3092 398)
945 3035 970 3079 s.
998 3037 1028 3079 v.
1057 3011 1201 3102 σκνιφός

42 3149 46 3156 ·
81 3112 284 3178 haecdicit:
317 3112 434 3191 ‚morde
466 3109 710 3201 διαφθορὰν
740 3106 772 3176 oi
802 3107 955 3176 πολλοὶ
981 3107 1115 3194 λέγουσι
1140 3113 1200 3179 τὸν

81 3205 238 3294 γλίσχρον
264 3209 321 3278 καί
346 3215 562 3300 μικροπρεπῆ
590 3207 668 3294 περὶ
695 3207 735 3274 τὰ
764 3203 979 3292 Ιἀναλώματα.
1015 3203 1048 3274 oi
1065 3204 1102 3274 'd’
1127 3205 1199 3300 ἆρ-

79 3311 196 3394 χαῖοι
218 3313 341 3376 σκνῖπα
360 3309 519 3376 καλοῦσιν
541 3301 611 3374 ἀπὸ
638 3311 699 3374 τοῦ
720 3301 879 3397 θηριδίου
906 3311 965 3373 τοῦ
995 3303 1030 3373 ἐν
1050 3311 1121 3390 τοῖς
1142 3306 1198 3392 ξί-

80 3409 158 3486 tom
173 3406 259 3476 ,κατὰ
282 3408 384 3492 βραχὺ
407 3405 640 3486 κατεσθίοντος
647 3419 684 3488 ,“
711 3410 769 3491 ubi
790 3409 866 3478 vide
887 3409 1046 3476 Lobcokii
1067 3411 1199 3480 adnota-

80 3513 212 3576 tionem.
255 3511 395 3576 Prorsus
423 3512 584 3581 consentit
610 3510 753 3575 Thomas
772 3510 932 3596 Magister
960 3531 1035 3597 pag.
1057 3517 1117 3578 336
1147 3511 1197 3580 ed.

80 3609 223 3692 Bitschl,
249 3611 314 3674 nisi
336 3610 422 3697 quod
444 3621 571 3675 veteres
593 3630 658 3674 non
681 3610 804 3673 σκνῖπα
832 3608 891 3675 sed
912 3603 1053 3672 σκνιπόν
1073 3609 1199 3676 dixisse

81 3708 200 3792 tradit,
230 3707 265 3772 id
292 3708 379 3798 quod
400 3707 465 3774 iam
486 3711 639 3775 Pauwius
659 3708 846 3800 Phrynicho
868 3707 1102 3773 restituendum
1125 3733 1196 3775 esse

79 3802 301 3892 intellexerat,
333 3831 408 3874 nam
438 3833 503 3876 non
530 3809 634 3874 solum
662 3815 683 3872 ᾱ
714 3819 746 3874 et
766 3813 807 3871 o‘v‘
830 3815 1014 3873 constanter
1040 3807 1074 3872 in
1103 3798 1197 3874 lihris

132 4043 159 4109 3)
187 4039 341 4096 Verisimile
359 4040 446 4111 igitur
463 4043 505 4093 est
522 4039 635 4094 omnino
652 4054 715 4110 eos,
742 4041 790 4112 qui
814 4040 930 4120 formam
951 4027 1100 4111 aspiratam
1118 4053 1196 4113 prae·

78 4125 192 4196 ferrent,
208 4124 281 4181 falsa
297 4125 346 4180 illa
364 4124 533 4195 etymologia
550 4127 674 4195 (φυγεῖν)
691 4135 756 4181 uses
772 4138 841 4181 esse.
1200 4129 1203 4136 '
