3034 4964
523 435 624 518 ,ιε

61 619 111 690 163
131 610 206 678 θεολ
229 607 341 680 δόσαν.
384 619 444 684 897
466 615 689 700 καταθνητοῖς
707 607 908 692 χαλέπαινεν
921 614 1065 701 (scripsit
1079 613 1161 678 Her·

22 695 26 712 ¹
60 735 196 796 mannus,
225 711 301 780 libri
331 720 402 793 ειν).
450 719 529 783 1096
549 704 645 794 χάριν
674 705 828 798 allsaell.
874 717 966 780 1101:
993 707 1086 788 ὅστις
1106 732 1161 776 σοι

58 806 220 893 βούλευσεν
242 807 320 894 ipso
342 808 423 895 πέρι
444 804 504 877 καί
524 803 556 877 o’
579 805 758 877 ἐκέλευσεν.
797 818 892 882 1108:
921 807 1049 876 παθῶν
1070 805 1163 894 yemi-

58 933 121 998 μην.
146 915 221 979 1319
242 917 333 1001 (mp.)
356 905 430 978 ἐπεί
449 931 504 978 τοι
523 908 621 978 δῶκε.

109 1029 216 1094 Etiam
236 1027 335 1094 Arch.
361 1049 410 1116 ep.
437 1035 508 1096 1142
532 1019 718 1116 πεντήκοντ’
743 1019 871 1110 ἀνδρῶν
894 1021 972 1091 λίπε
994 1021 1162 1110 Κοίρανον

57 1119 336 1214 ήπιοςΠσσειδιῦν
357 1129 467 1215 poesis
487 1151 590 1214 genus
612 1129 735 1193 formae
748 1149 813 1193 non
835 1136 1061 1214 augmentatae
1084 1129 1162 1193 satis

57 1228 263 1292 excusationis
285 1226 436 1317 praebet,
459 1227 652 1314 praesertim
679 1250 753 1292 cum
773 1225 987 1292 Archilochus
1016 1226 1162 1292 consulto

57 1325 188 1390 imitatus
213 1326 254 1390 sit
276 1325 358 1390 alius
381 1335 498 1412 poetae
520 1349 651 1393 versum
672 1326 751 1406 (vid.
772 1323 915 1414 Bergk).

109 1442 158 1506 Ab
187 1463 250 1507 usu
276 1441 387 1508 lonico
408 1463 503 1522 vero,
533 1441 636 1530 qualis
657 1442 752 1508 nobis
782 1451 920 1530 apparot
947 1443 980 1506 in
1001 1441 1160 1508 Herodoti

57 1542 177 1627 scriptis
200 1549 233 1606 et
258 1542 293 1606 in
320 1541 441 1623 titulis,
472 1541 572 1607 veluti
602 1544 635 1606 in
665 1541 947 1628 praestantissimo
969 1541 1044 1608 Hal.
1067 1541 1086 1608 l.
1111 1545 1163 1607 19:

56 1634 189 1720 ἐγένετο,
214 1646 251 1708 31
277 1635 515 1726 ἐμνημόνευον,
541 1647 580 1708 32
604 1632 824 1722 σἰπεπέρασαν
846 1649 885 1710 44
907 1635 1044 1720 ἔταμον,
1075 1663 1164 1705 rece-

57 1739 127 1804 dunt
146 1740 181 1805 hi
199 1737 513 1826 iambographorum
534 1739 612 1806 loci:

107 1855 203 1924 Arch.
225 1859 287 1922 inc.
312 1863 384 1923 125:
414 1849 492 1944 ὂξύη
515 1858 652 1923 ποτᾶτο.
688 1855 767 1922 sim.
790 1863 818 1940 7,
842 1864 880 1923 45
904 1851 960 1918 καὶ
983 1849 1162 1942 πονήσατο.

55 1953 197 2021 Attamen
224 1977 298 2019 cum
325 1953 445 2022 nullam
473 1955 624 2022 idoneam
652 1979 785 2022 causam
808 1955 977 2019 omittendi
999 1955 1163 2039 augmenti

56 2055 232 2138 videamus,
262 2077 334 2119 cum
367 2055 596 2142 iambographi
626 2055 704 2120 alibi
733 2061 819 2134 (sunt
848 2053 977 2118 circiter
1007 2056 1162 2142 quinqua·

56 2155 137 2238 ginta
156 2153 236 2239 loci,
264 2163 301 2219 ut
322 2151 421 2219 Arch.
441 2164 481 2220 tr.
506 2159 560 2238 29,
591 2164 623 2220 t:
652 2149 814 2238 ἐτέρπετο.
852 2158 869 2218 3
893 2147 1101 2230 κατεσκίαζε,
1124 2157 1162 2218 33

57 2248 259 2340 innocontiam
288 2261 342 2321 34:
372 2248 592 2338 ἐκλίνθήοανς
623 2257 662 2321 35
687 2245 904 2338 σἰπέφλοσανς
938 2259 976 2320 52
1005 2247 1164 2332 συνέδρα-

56 2374 110 2438 μεν
129 2357 202 2432 etc.)
225 2363 410 2418 constanter
433 2363 606 2439 augmento
630 2353 787 2440 syllabico
810 2353 861 2417 usi
883 2354 956 2436 sint,
980 2375 1052 2417 cum
1076 2351 1162 2416 deni-

57 2474 110 2538 que
130 2452 182 2518 vel
204 2449 371 2516 lenissima
384 2451 511 2518 medela
533 2453 667 2518 offensio
689 2453 849 2516 removeri
872 2453 984 2538 possit,
1001 2451 1058 2516 hos
1083 2449 1162 2514 duos

56 2549 135 2615 locos
164 2549 378 2638 corrigendos
406 2574 478 2616 esse
505 2574 681 2616 censemus.
726 2551 852 2632 Quibus
881 2575 945 2616 non
974 2549 1085 2614 dubito
1108 2549 1163 2614 ad-

57 2647 125 2713 dere
154 2651 284 2714 tertium
316 2673 358 2715 ex
386 2653 583 2715 tetrametris
608 2649 706 2717 Arch.
731 2657 783 2716 73:
814 2641 873 2734 ἥδ’
906 2641 966 2736 ὄλπη
996 2643 1162 2734 κιχήσατο.
1219 2683 1222 2690 ·

56 2747 121 2814 Hoc
144 2749 228 2816 enim
252 2761 284 2814 et
302 2751 408 2838 primo
431 2749 512 2832 loco,
533 2760 570 2814 ut
590 2749 753 2834 Bergkius
775 2761 862 2832 recte
885 2749 981 2831 vidit,
1000 2747 1081 2812 nihil
1102 2749 1164 2812 nisi

58 2850 176 2934 signum
201 2849 345 2915 elisionis
368 2848 554 2936 ponendum
576 2859 625 2912 est
643 2839 825 2935 ’κιχήσατο
847 2840 999 2923 'moriem
1025 2845 1164 2912 secundo

57 2960 156 3016 autem
176 2950 248 3015 loco
272 2951 298 3014 si
322 2951 393 3036 quis
415 2957 558 3036 reputat,
588 2970 685 3036 quam
705 2947 770 3012 late
793 2949 895 3012 orasis
918 2956 1030 3034 pateat
1053 2969 1163 3034 quam·
1276 3033 1279 3042 Ι

57 3070 111 3134 que
131 3047 251 3113 similes
275 3050 339 3112 sint
362 3047 545 3135 complures
566 3047 628 3112 loci
650 3052 678 3129 ξ.
699 3053 718 3113 9
741 3045 847 3124 allati,
874 3050 902 3110 is
924 3069 989 3111 non
1011 3056 1163 3109 cunctan-

56 3155 99 3210 ter
128 3171 198 3212 cum
225 3147 387 3212 Ahrensio
414 3146 534 3212 scribet
563 3138 777 3232 κᾶπονήσατο
805 3146 847 3210 ad
875 3133 1050 3209 tollendam
1078 3146 1164 3207 inae-

57 3247 247 3329 qualitatem.
308 3247 376 3310 Vix
409 3248 509 3331 igitur
542 3268 562 3309 a
596 3245 798 3332 Xenophane
829 3243 1009 3331 profectam
1042 3242 1167 3322 credes,

57 3366 147 3429 quam
179 3345 344 3431 Bergkins
377 3347 514 3412 coniecit
546 3346 684 3410 formam
718 3336 961 3427 βληστριζόμην
996 3348 1074 3424 9,2
1105 3363 1164 3432 pro

57 3439 264 3529 ἐβλήστριζον
286 3451 441 3522 (cetorum
463 3445 528 3510 vid.
551 3449 672 3532 supra).

112 3561 148 3626 In
167 3561 278 3626 verbis
297 3561 456 3629 iterativis
479 3571 592 3626 contra
614 3584 654 3625 ne
676 3559 839 3626 recentior
861 3559 992 3648 quidem
1013 3559 1065 3624 las
1088 3580 1164 3642 aug·

57 3669 192 3726 mentum
221 3657 323 3726 addit.
365 3661 480 3748 Itaque
509 3671 639 3747 praeter
662 3659 773 3724 Mimn.
805 3667 858 3735 14,
892 3667 928 3728 10
958 3653 1050 3721 ἔσκεν
1079 3666 1166 3722 recte

59 3779 123 3822 sese
142 3759 240 3825 habet
262 3761 361 3823 etiam
382 3760 481 3846 Hipp.
505 3770 543 3825 tr.
569 3765 618 3841 37,
641 3766 659 3825 2
684 3752 815 3823 θύεσκε.

117 3887 260 3956 πολλάκι
284 3883 474 3980 δήμέλλήσα
496 3915 544 3957 vs.
566 3897 626 3957 259
650 3889 710 3973 (A,
734 3883 764 3952 δ’
788 3881 935 3976 ήμὲλήσα
959 3887 1003 3972 O,
1027 3884 1063 3950 δὲ
1084 3883 1165 3969 μέλ-

60 3987 137 4076 λήσα
157 3991 178 4058 b
201 3989 410 4078 cdfghm
427 3999 470 4075 n),
492 3981 612 4076 ἤμελλε
634 3995 705 4072 906,
727 3989 783 4056 ubi
805 3989 931 4077 plenius
952 4013 972 4075 η
994 3989 1171 4074 vestigium*

61 4111 127 4155 esse
146 4092 275 4158 videtur
306 4114 485 4174 consonae,
515 4113 612 4176 quam
640 4085 776 4170 μέλλειν
806 4091 983 4177 antiquitus
1006 4091 1040 4153 in
1061 4089 1167 4153 fronte

779 4200 784 4212 .
917 4189 953 4242 2,
