3148 4958
595 457 803 546 ,ΔΑ-

224 631 275 699 Ac
298 633 442 721 primum
463 634 593 723 qnidam
616 634 657 700 de
689 657 802 702 eorum
824 635 1123 723 patronymicorum
1145 635 1262 700 forma-

142 736 240 818 tione,
262 755 346 822 quae
370 733 544 800 seeundum
566 757 714 801 normam
727 734 814 802 facta
835 744 919 818 sunt,
942 734 1110 816 disseram,
1132 757 1192 800 nec
1214 745 1259 800 ta·

143 853 217 900 men
239 833 393 921 exempla
415 835 612 901 enumerabo
627 835 783 922 nisiquae
797 835 885 923 apud
904 845 1017 922 poetas
1040 835 1260 914 inveniuntur;

142 931 317 1022 ereliquis
338 943 448 999 autem
468 935 580 1000 formis
603 937 848 1022 patronymicis,
870 957 952 1022 quae
974 944 1029 998 aut
1050 933 1184 1018 gentilia
1205 943 1260 998 aut

142 1034 274 1098 nomina
295 1035 431 1120 propria
453 1043 542 1117 sunt,
565 1058 604 1100 ea
624 1044 749 1100 tanturn
771 1037 920 1118 afferam,
951 1055 1034 1121 quae
1055 1035 1166 1098 autin
1187 1033 1259 1097 aliis

142 1131 236 1198 aliter
263 1132 442 1198 formentur
463 1134 626 1218 dialectis,
656 1145 712 1200 a'ut
734 1135 850 1222 quibus
872 1143 941 1200 tota
962 1135 1261 1222 patronymicorum

142 1233 295 1298 formatio
315 1231 493 1298 illustretur
515 1243 548 1299 et
567 1234 757 1322 explicetur.

165 1431 204 1496 Α.
239 1450 287 1496 Du
310 1449 486 1506 REGULARI
507 1449 830 1500 PATRONYMIOORUM
852 1451 1080 1500 FORMA'PIONE
1102 1449 1241 1500 AGITUR.

205 1618 234 1696 ξ.
262 1619 310 1706 12.
349 1613 403 1680 De
424 1614 616 1682 formatione
638 1619 945 1704 patronymicorum,
968 1639 1051 1704 quae
1073 1639 1090 1682 e
1112 1617 1263 1682 thematis

145 1736 241 1778 masc.
271 1716 404 1800 gemin
433 1737 454 1776 α
483 1713 689 1801 derivantur,
719 1720 754 1783 in
786 1717 895 1786 Onam.
925 1716 1035 1781 anecd.
1066 1738 1159 1780 oxon.
1187 1717 1202 1780 l
1230 1739 1261 1802 p.

146 1819 204 1880 346
218 1815 241 1890 ¹)
263 1822 352 1878 recte
375 1824 585 1902 praeceptum
607 1825 668 1882 est:
700 1809 757 1892 „ei
786 1812 822 1887 δὲ
845 1809 914 1880 ἀπὸ
936 1817 1001 1878 τῶν
1024 1807 1072 1890 εἷς
1089 1807 1149 1890 ‘cg'
1174 1806 1193 1900 ἢ
1216 1807 1264 1890 εἰς

143 1903 221 1997 (ηςζ
255 1897 300 1976 ὦν
318 1905 342 1998 Ι6
364 1909 475 2000 γενικὴ
503 1907 551 1991 εἰς
569 1907 635 1980 ‘ov'
672 1911 771 1998 [ἐστιν
798 1909 818 2002 ἡ
846 1908 1089 2000 πατρωνυμία],
1117 1909 1174 1976 διὰ
1204 1916 1273 1976 τοῦ

145 2003 248 2097 ‘educ‘
273 2014 368 2078 ποιεῖ
395 2009 433 2076 τὸ
462 2010 752 2098 πατρωνυμικόν.“
794 2015 944 2080 Adicitur
973 2015 1073 2099 igitur
1101 2011 1144 2076 det
1175 2012 1263 2078 suffi-

145 2135 223 2176 xum
245 2133 266 2174 α
288 2112 402 2178 ultima
423 2113 573 2180 thematis
595 2113 702 2180 vocali
728 2123 889 2200 correpta.
912 2149 953 2160 -
975 2112 1078 2200 Oujus
1094 2112 1260 2178 formatio·

145 2212 194 2275 nis
216 2211 298 2276 haec
321 2212 472 2299 exempla
494 2203 582 2300 apud
602 2214 824 2280 Homerum
846 2220 989 2280 exstant:
1011 2203 1206 2295 Ἀργεά-δης
1227 2213 1264 2277 Π

147 2317 220 2390 417;
240 2303 559 2397 ‘quenci-duci)
583 2320 704 2396 κ2,36.
726 2353 766 2363 -
789 2306 1071 2398 Κεά-δηςΒ847;
1091 2349 1130 2358 -
1148 2304 1262 2393 Μεγά-

147 2407 204 2493 ‘luc
226 2412 266 2472 H
275 2413 344 2478 695.
367 2447 406 2460 -
428 2410 528 2498 Apud
548 2423 661 2500 poetas
684 2415 739 2502 qui
760 2423 835 2501 post
856 2413 1034 2478 Homerum
1057 2421 1159 2494 erant,
1181 2411 1264 2476 haec

145 2509 369 2575 inveniuntur:
415 2505 607 2594 Χαριᾶ-δαι
624 2517 716 2598 (gens
730 2513 934 2598 Aeginetica)
949 2511 1042 2578 Pind.
1060 2513 1151 2578 Nem.
1167 2518 1195 2594 8,
1206 2517 1261 2593 783

146 2601 366 2694 Κλεινιά-δης
404 2612 436 2687 (i.
459 2634 485 2676 e.
504 2607 726 2696 Ἀλκιβιάδης)
759 2613 820 2680 Or.
842 2613 889 2678 lb.
912 2617 989 2694 631,
1019 2611 1182 2678 Christod.
1205 2618 1262 2690 825

146 2744 183 2752 -
205 2719 238 2774 et
259 2709 398 2774 aeolica:
421 2701 619 2794 ’Υῤῥά-διος
639 2711 708 2776 Alc.
722 2711 765 2796 fg.
781 2717 838 2795 913
860 2749 901 2760 -
927 2704 1140 2798 Ttvd-d2093)
1157 2710 1263 2776 Bekk.
1346 2791 1348 2796 Ι

147 2807 258 2874 anecd.
282 2813 352 2890 849,
379 2816 425 2876 17.

226 2907 391 2972 Nonnulla
412 2911 649 2996 patronymica,
671 2932 754 2998 quae
769 2933 786 2974 e
801 2911 976 2996 primitivis
997 2912 1032 2975 in
1053 2932 1092 2995 ης
1114 2910 1264 2976 derivata

145 3019 236 3090 suut,
257 3006 484 3094 Etymologico
506 3008 627 3095 Magno
655 3015 691 3086 (s.
715 3003 889 3096 Βουτίὸης)
919 3019 951 3074 et
972 3011 1140 3076 Prisciano
1163 3009 1215 3089 (II,
1235 3014 1263 3090 7,
1383 3091 1385 3095 ι

145 3113 196 3186 36)
216 3106 355 3172 testibus
377 3109 413 3172 in
436 3105 535 3192 ι-δης,
552 3131 621 3174 non
643 3111 677 3173 in
701 3107 803 3193 α-ὃης
825 3109 1002 3176 desinunt:.
1021 3101 1264 3193 Κορυνητί-ὂης
1346 3129 1356 3154 ·

145 3213 176 3283 (a
197 3228 389 3292 κορυνητης,
412 3206 501 3294 quod
519 3199 716 3292 Ἀρηιθόου
740 3229 917 3292 cognomen
939 3217 997 3288 est,
1032 3210 1070 3274 cf.
1092 3208 1130 3274 Il.
1154 3210 1198 3272 H.
1222 3213 1263 3289 9),

144 3306 230 3394 quod
249 3329 412 3394 nusquam
433 3307 497 3372 nisi
519 3309 607 3394 apud
629 3307 859 3394 grammaticos
875 3307 1109 3388 invenitur3-
1125 3298 1263 3390 Τρῐοπί-

145 3404 211 3491 6ης,
248 3405 337 3494 quod
367 3403 448 3470 Oall.
482 3404 554 3472 Cer.
579 3413 618 3474 32
648 3408 783 3492 legitur3
810 3405 896 3493 quod
926 3408 1034 3493 potius
1063 3429 1104 3472 ex
1135 3410 1263 3489 Taleae

155 3557 359 3568 ...ua—..u-

211 3639 235 3705 1)
254 3635 299 3692 De
321 3639 483 3691 cunctorum
501 3643 610 3708 patron.
630 3637 795 3693 formatione
814 3639 847 3696 ci.
867 3639 953 3695 Prisc.
966 3641 1003 3708 11,
1022 3645 1045 3707 7,
1065 3641 1113 3707 363
1131 3637 1163 3691 E.
1183 3637 1223 3691 M.
1241 3655 1262 3691 s.

145 3737 168 3775 v.
187 3720 343 3789 Horridum
362 3719 490 3778 Eustath.
509 3739 536 3793 p.
560 3728 599 3791 13,
616 3727 662 3791 41,
680 3723 769 3779 Bekk.
791 3724 886 3778 anecd.
905 3741 931 3792 p.
951 3728 1009 3791 849,
1027 3725 1067 3776 31.

208 3807 235 3874 2)
253 3805 452 3874 Patronymica
469 3807 624 3876 homerica,
644 3824 714 3877 quae
732 3809 807 3878 apud
826 3807 894 3863 alios
914 3823 1023 3877 quoque
1043 3810 1140 3875 poetas
1158 3805 1252 3860 inveni

145 3893 235 3957 untur,
253 3889 329 3960 typis
346 3889 469 3944 dilatatis
488 3892 627 3962 exscripta
644 3897 717 3948 sunt.

208 3975 234 4040 3)
252 3972 458 4043 Patronymica,
477 3991 548 4045 quae
567 3976 642 4046 apud
662 3976 854 4047 grammaticos
866 3979 975 4027 tantum
989 3963 1176 4041 inveniuntur,
1194 3990 1262 4027 sem-

143 4071 191 4124 per
206 4055 263 4110 fere
280 4057 388 4127 recepi,
421 4048 495 4128 qirod
518 4059 585 4129 quin
604 4077 622 4112 a
640 4061 728 4132 poetis
748 4060 828 4114 uobis
847 4075 902 4114 non
922 4059 1036 4112 servatis
1062 4058 1180 4130 repetita
1198 4056 1263 4126 sint,

82 4197 85 4204 Ι
144 4138 186 4192 vix
203 4140 317 4195 dubium
333 4145 385 4196 eet.
