<?xml version="1.0" encoding="UTF-8"?>
<!DOCTYPE html PUBLIC "-//W3C//DTD XHTML 1.0 Transitional//EN"
    "http://www.w3.org/TR/xhtml1/DTD/xhtml1-transitional.dtd">
<html xmlns="http://www.w3.org/1999/xhtml" xml:lang="en" lang="en">
 <head>
  <title>
</title>
<meta http-equiv="Content-Type" content="text/html;charset=utf-8" />
  <meta name='ocr-system' content='tesseract 3.04.00' />
  <meta name='ocr-capabilities' content='ocr_page ocr_carea ocr_par ocr_line ocrx_word'/>
</head>
<body>
  <div class='ocr_page' id='page_1' title='image "./studienzurgriec00vanigoog/studienzurgriec00vanigoog_0456.png"; bbox 0 0 3056 4968; ppageno 0'>
   <div class='ocr_carea' id='block_1_1' title="bbox 858 457 918 521">
    <p class='ocr_par' dir='ltr' id='par_1_1' title="bbox 858 457 918 521">
     <span class='ocr_line' id='line_1_1' title="bbox 858 457 918 521; baseline 0.05 -3"><span class='ocrx_word' id='word_1_1' title='bbox 858 457 918 521; x_wconf 90' lang='grc'><strong>168</strong></span> 
     </span>
    </p>
   </div>
   <div class='ocr_carea' id='block_1_2' title="bbox 331 633 1522 1216">
    <p class='ocr_par' dir='ltr' id='par_1_2' title="bbox 331 633 1522 1216">
     <span class='ocr_line' id='line_1_2' title="bbox 331 633 1447 722; baseline -0.001 -23"><span class='ocrx_word' id='word_1_2' title='bbox 331 633 467 700; x_wconf 81' lang='lat' dir='ltr'><strong>Accedit</strong></span> <span class='ocrx_word' id='word_1_3' title='bbox 488 633 574 722; x_wconf 90' lang='lat' dir='ltr'><strong>quod</strong></span> <span class='ocrx_word' id='word_1_4' title='bbox 595 635 628 699; x_wconf 94' lang='lat' dir='ltr'><strong>in</strong></span> <span class='ocrx_word' id='word_1_5' title='bbox 650 635 769 700; x_wconf 89' lang='lat' dir='ltr'><strong>tabulis</strong></span> <span class='ocrx_word' id='word_1_6' title='bbox 788 635 934 719; x_wconf 88' lang='lat' dir='ltr'><strong>Iguvinis</strong></span> <span class='ocrx_word' id='word_1_7' title='bbox 955 643 1070 721; x_wconf 85' lang='lat' dir='ltr'><strong>qnater</strong></span> <span class='ocrx_word' id='word_1_8' title='bbox 1090 633 1194 698; x_wconf 78' lang='lat' dir='ltr'><strong>forma</strong></span> <span class='ocrx_word' id='word_1_9' title='bbox 1217 657 1302 716; x_wconf 60' lang='lat' dir='ltr'><strong>praa</strong></span> <span class='ocrx_word' id='word_1_10' title='bbox 1317 635 1447 698; x_wconf 86' lang='lat' dir='ltr'><strong>inveni·</strong></span> 
     </span>
     <span class='ocr_line' id='line_1_3' title="bbox 331 732 1448 816; baseline -0.004 -17"><span class='ocrx_word' id='word_1_11' title='bbox 331 743 393 816; x_wconf 87' lang='lat' dir='ltr'><strong>tur,</strong></span> <span class='ocrx_word' id='word_1_12' title='bbox 415 733 471 799; x_wconf 91' lang='lat' dir='ltr'><strong>ubi</strong></span> <span class='ocrx_word' id='word_1_13' title='bbox 494 732 677 798; x_wconf 76' lang='lat' dir='ltr'><strong>sibilantem</strong></span> <span class='ocrx_word' id='word_1_14' title='bbox 699 743 863 800; x_wconf 89' lang='lat' dir='ltr'><strong>servatam</strong></span> <span class='ocrx_word' id='word_1_15' title='bbox 883 732 1040 798; x_wconf 85' lang='lat' dir='ltr'><strong>videmus.</strong></span> <span class='ocrx_word' id='word_1_16' title='bbox 1082 732 1258 798; x_wconf 89' lang='lat' dir='ltr'><strong>Praeterea</strong></span> <span class='ocrx_word' id='word_1_17' title='bbox 1279 741 1392 797; x_wconf 90' lang='lat' dir='ltr'><strong>autem</strong></span> <span class='ocrx_word' id='word_1_18' title='bbox 1415 734 1448 796; x_wconf 94' lang='lat' dir='ltr'><strong>in</strong></span> 
     </span>
     <span class='ocr_line' id='line_1_4' title="bbox 332 821 1447 916; baseline -0.003 -18"><span class='ocrx_word' id='word_1_19' title='bbox 332 833 445 898; x_wconf 91' lang='lat' dir='ltr'><strong>eodem</strong></span> <span class='ocrx_word' id='word_1_20' title='bbox 465 821 670 916; x_wconf 83' lang='lat' dir='ltr'><strong>monumento</strong></span> <span class='ocrx_word' id='word_1_21' title='bbox 692 846 849 914; x_wconf 62' lang='lat' dir='ltr'><strong>comatur</strong></span> <span class='ocrx_word' id='word_1_22' title='bbox 870 834 890 896; x_wconf 92' lang='lat' dir='ltr'><strong>i.</strong></span> <span class='ocrx_word' id='word_1_23' title='bbox 912 855 938 897; x_wconf 88' lang='lat' dir='ltr'><strong>e.</strong></span> <span class='ocrx_word' id='word_1_24' title='bbox 962 835 1060 894; x_wconf 78' lang='lat' dir='ltr'><strong>renati</strong></span> <span class='ocrx_word' id='word_1_25' title='bbox 1082 829 1232 896; x_wconf 76' lang='lat' dir='ltr'><strong>traditur.</strong></span> <span class='ocrx_word' id='word_1_26' title='bbox 1275 831 1342 912; x_wconf 79' lang='lat' dir='ltr'><strong>Qui</strong></span> <span class='ocrx_word' id='word_1_27' title='bbox 1362 831 1447 895; x_wconf 85' lang='lat' dir='ltr'><strong>Urn-</strong></span> 
     </span>
     <span class='ocr_line' id='line_1_5' title="bbox 332 930 1449 1018; baseline -0.004 -22"><span class='ocrx_word' id='word_1_28' title='bbox 332 931 466 996; x_wconf 89' lang='lat' dir='ltr'>brorum</span> <span class='ocrx_word' id='word_1_29' title='bbox 495 954 593 996; x_wconf 90' lang='lat' dir='ltr'><strong>sonus</strong></span> <span class='ocrx_word' id='word_1_30' title='bbox 619 931 736 996; x_wconf 86' lang='lat' dir='ltr'><strong>litteris</strong></span> <span class='ocrx_word' id='word_1_31' title='bbox 756 957 790 994; x_wconf 85' lang='lat' dir='ltr'><strong>rs</strong></span> <span class='ocrx_word' id='word_1_32' title='bbox 816 931 961 996; x_wconf 88' lang='lat' dir='ltr'><strong>redditus</strong></span> <span class='ocrx_word' id='word_1_33' title='bbox 990 953 1061 995; x_wconf 91' lang='lat' dir='ltr'><strong>cum</strong></span> <span class='ocrx_word' id='word_1_34' title='bbox 1090 952 1218 1018; x_wconf 81' lang='lat' dir='ltr'>semper</span> <span class='ocrx_word' id='word_1_35' title='bbox 1244 930 1310 994; x_wconf 87' lang='lat' dir='ltr'><strong>sere</strong></span> <span class='ocrx_word' id='word_1_36' title='bbox 1336 931 1449 994; x_wconf 85' lang='lat' dir='ltr'><strong>factus</strong></span> 
     </span>
     <span class='ocr_line' id='line_1_6' title="bbox 333 1019 1448 1117; baseline -0.002 -23"><span class='ocrx_word' id='word_1_37' title='bbox 333 1019 375 1095; x_wconf 86' lang='lat' dir='ltr'><strong>sit</strong></span> <span class='ocrx_word' id='word_1_38' title='bbox 390 1029 526 1095; x_wconf 89' lang='lat' dir='ltr'><strong>elittera</strong></span> <span class='ocrx_word' id='word_1_39' title='bbox 539 1037 568 1108; x_wconf 78' lang='lat' dir='ltr'><strong>d,</strong></span> <span class='ocrx_word' id='word_1_40' title='bbox 590 1031 657 1096; x_wconf 91' lang='lat' dir='ltr'><strong>Leo</strong></span> <span class='ocrx_word' id='word_1_41' title='bbox 670 1029 822 1116; x_wconf 88' lang='lat' dir='ltr'><strong>Meyerus</strong></span> <span class='ocrx_word' id='word_1_42' title='bbox 845 1038 991 1116; x_wconf 85' lang='lat' dir='ltr'><strong>(gramm.</strong></span> <span class='ocrx_word' id='word_1_43' title='bbox 1017 1029 1154 1117; x_wconf 81' lang='lat' dir='ltr'><strong>compl,</strong></span> <span class='ocrx_word' id='word_1_44' title='bbox 1167 1035 1239 1107; x_wconf 84' lang='grc'>245)</span> <span class='ocrx_word' id='word_1_45' title='bbox 1260 1039 1346 1094; x_wconf 89' lang='lat' dir='ltr'><strong>recte</strong></span> <span class='ocrx_word' id='word_1_46' title='bbox 1369 1051 1448 1094; x_wconf 88' lang='lat' dir='ltr'><strong>con·</strong></span> 
     </span>
     <span class='ocr_line' id='line_1_7' title="bbox 332 1128 1522 1216; baseline -0.001 -23"><span class='ocrx_word' id='word_1_47' title='bbox 332 1130 415 1211; x_wconf 86' lang='lat' dir='ltr'><strong>iecit,</strong></span> <span class='ocrx_word' id='word_1_48' title='bbox 438 1153 527 1193; x_wconf 80' lang='lat' dir='ltr'><strong>cerac</strong></span> <span class='ocrx_word' id='word_1_49' title='bbox 548 1131 705 1216; x_wconf 84' lang='lat' dir='ltr'><strong>originem</strong></span> <span class='ocrx_word' id='word_1_50' title='bbox 728 1129 903 1195; x_wconf 85' lang='lat' dir='ltr'><strong>deduxisse</strong></span> <span class='ocrx_word' id='word_1_51' title='bbox 924 1151 942 1194; x_wconf 91' lang='lat' dir='ltr'><strong>e</strong></span> <span class='ocrx_word' id='word_1_52' title='bbox 963 1128 1034 1193; x_wconf 87' lang='lat' dir='ltr'><strong>rad.</strong></span> <span class='ocrx_word' id='word_1_53' title='bbox 1055 1132 1143 1204; x_wconf 76' lang='lat' dir='ltr'><strong>liud,</strong></span> <span class='ocrx_word' id='word_1_54' title='bbox 1165 1128 1270 1193; x_wconf 88' lang='lat' dir='ltr'><strong>edere.</strong></span> <span class='ocrx_word' id='word_1_55' title='bbox 1521 1137 1522 1140; x_wconf 75' lang='grc'>’</span> 
     </span>
    </p>
   </div>
   <div class='ocr_carea' id='block_1_3' title="bbox 231 1243 1524 2224">
    <p class='ocr_par' dir='ltr' id='par_1_3' title="bbox 333 1243 1524 2026">
     <span class='ocr_line' id='line_1_8' title="bbox 394 1243 1448 1332; baseline -0.002 -24"><span class='ocrx_word' id='word_1_56' title='bbox 394 1243 476 1310; x_wconf 87' lang='grc' dir='ltr'><strong>ΝοΙο</strong></span> <span class='ocrx_word' id='word_1_57' title='bbox 506 1243 631 1310; x_wconf 88' lang='lat' dir='ltr'><strong>silentio</strong></span> <span class='ocrx_word' id='word_1_58' title='bbox 659 1247 839 1330; x_wconf 88' lang='lat' dir='ltr'><strong>praeterire</strong></span> <span class='ocrx_word' id='word_1_59' title='bbox 864 1243 995 1332; x_wconf 83' lang='lat' dir='ltr'><strong>Iosephi</strong></span> <span class='ocrx_word' id='word_1_60' title='bbox 1019 1243 1179 1330; x_wconf 87' lang='lat' dir='ltr'><strong>Scaligeri</strong></span> <span class='ocrx_word' id='word_1_61' title='bbox 1212 1244 1448 1323; x_wconf 88' lang='lat' dir='ltr'><strong>coniecturam,</strong></span> 
     </span>
     <span class='ocr_line' id='line_1_9' title="bbox 333 1343 1523 1431; baseline -0.003 -23"><span class='ocrx_word' id='word_1_62' title='bbox 333 1343 388 1430; x_wconf 89' lang='lat' dir='ltr'><strong>qui</strong></span> <span class='ocrx_word' id='word_1_63' title='bbox 418 1353 625 1431; x_wconf 83' lang='lat' dir='ltr'><strong>procreatum</strong></span> <span class='ocrx_word' id='word_1_64' title='bbox 660 1343 759 1409; x_wconf 86' lang='lat' dir='ltr'><strong>fuisse</strong></span> <span class='ocrx_word' id='word_1_65' title='bbox 792 1367 810 1409; x_wconf 91' lang='lat' dir='ltr'><strong>e</strong></span> <span class='ocrx_word' id='word_1_66' title='bbox 840 1368 929 1406; x_wconf 80' lang='lat' dir='ltr'><strong>cerna</strong></span> <span class='ocrx_word' id='word_1_67' title='bbox 957 1347 1139 1406; x_wconf 73' lang='lat' dir='ltr'><strong>silicernium</strong></span> <span class='ocrx_word' id='word_1_68' title='bbox 1170 1344 1350 1430; x_wconf 91' lang='lat' dir='ltr'><strong>suspicatus</strong></span> <span class='ocrx_word' id='word_1_69' title='bbox 1387 1353 1449 1422; x_wconf 88' lang='lat' dir='ltr'><strong>est,</strong></span> <span class='ocrx_word' id='word_1_70' title='bbox 1522 1365 1523 1370; x_wconf 48' lang='lat'>¹</span> 
     </span>
     <span class='ocr_line' id='line_1_10' title="bbox 334 1441 1447 1530; baseline -0.002 -25"><span class='ocrx_word' id='word_1_71' title='bbox 334 1463 430 1530; x_wconf 90' lang='lat' dir='ltr'><strong>quam</strong></span> <span class='ocrx_word' id='word_1_72' title='bbox 453 1444 577 1529; x_wconf 90' lang='lat' dir='ltr'><strong>primus</strong></span> <span class='ocrx_word' id='word_1_73' title='bbox 599 1452 755 1530; x_wconf 89' lang='lat' dir='ltr'><strong>quantum</strong></span> <span class='ocrx_word' id='word_1_74' title='bbox 776 1442 905 1508; x_wconf 86' lang='lat' dir='ltr'><strong>videam</strong></span> <span class='ocrx_word' id='word_1_75' title='bbox 931 1441 1154 1508; x_wconf 88' lang='lat' dir='ltr'><strong>indoctorum</strong></span> <span class='ocrx_word' id='word_1_76' title='bbox 1183 1442 1371 1505; x_wconf 82' lang='lat' dir='ltr'><strong>memoriam</strong></span> <span class='ocrx_word' id='word_1_77' title='bbox 1399 1463 1447 1504; x_wconf 91' lang='lat' dir='ltr'><strong>re·</strong></span> 
     </span>
     <span class='ocr_line' id='line_1_11' title="bbox 334 1539 1449 1628; baseline 0.001 -27"><span class='ocrx_word' id='word_1_78' title='bbox 334 1541 464 1606; x_wconf 89' lang='lat' dir='ltr'><strong>vocavit</strong></span> <span class='ocrx_word' id='word_1_79' title='bbox 490 1539 590 1628; x_wconf 89' lang='lat' dir='ltr'><strong>Leop.</strong></span> <span class='ocrx_word' id='word_1_80' title='bbox 621 1540 837 1606; x_wconf 89' lang='lat' dir='ltr'><strong>Schneiderus</strong></span> <span class='ocrx_word' id='word_1_81' title='bbox 863 1541 952 1606; x_wconf 91' lang='lat' dir='ltr'><strong>elem.</strong></span> <span class='ocrx_word' id='word_1_82' title='bbox 975 1539 1023 1624; x_wconf 88' lang='lat' dir='ltr'><strong>H,</strong></span> <span class='ocrx_word' id='word_1_83' title='bbox 1053 1548 1113 1608; x_wconf 79' lang='lat'><strong>475</strong></span> <span class='ocrx_word' id='word_1_84' title='bbox 1145 1547 1222 1617; x_wconf 89' lang='lat' dir='ltr'><strong>(non</strong></span> <span class='ocrx_word' id='word_1_85' title='bbox 1251 1539 1383 1604; x_wconf 89' lang='lat' dir='ltr'><strong>demum</strong></span> <span class='ocrx_word' id='word_1_86' title='bbox 1416 1549 1449 1603; x_wconf 91' lang='lat' dir='ltr'><strong>ut</strong></span> 
     </span>
     <span class='ocr_line' id='line_1_12' title="bbox 333 1637 1524 1714; baseline 0 -12"><span class='ocrx_word' id='word_1_87' title='bbox 333 1637 565 1705; x_wconf 81' lang='lat' dir='ltr'><strong>Fleckeisenus</strong></span> <span class='ocrx_word' id='word_1_88' title='bbox 578 1639 599 1706; x_wconf 87' lang='lat' dir='ltr'><strong>l.</strong></span> <span class='ocrx_word' id='word_1_89' title='bbox 612 1639 633 1706; x_wconf 91' lang='lat' dir='ltr'><strong>l.</strong></span> <span class='ocrx_word' id='word_1_90' title='bbox 647 1649 712 1706; x_wconf 90' lang='lat' dir='ltr'><strong>not.</strong></span> <span class='ocrx_word' id='word_1_91' title='bbox 729 1640 906 1705; x_wconf 83' lang='lat' dir='ltr'><strong>arbitratur</strong></span> <span class='ocrx_word' id='word_1_92' title='bbox 919 1639 1041 1706; x_wconf 82' lang='lat' dir='ltr'><strong>Theod.</strong></span> <span class='ocrx_word' id='word_1_93' title='bbox 1052 1638 1279 1714; x_wconf 86' lang='lat' dir='ltr'><strong>Aufrcchtiua).</strong></span> <span class='ocrx_word' id='word_1_94' title='bbox 1305 1637 1447 1701; x_wconf 82' lang='lat' dir='ltr'><strong>Rectam</strong></span> <span class='ocrx_word' id='word_1_95' title='bbox 1523 1663 1524 1702; x_wconf 75' lang='lat'>1</span> 
     </span>
     <span class='ocr_line' id='line_1_13' title="bbox 334 1738 1447 1826; baseline -0.005 -24"><span class='ocrx_word' id='word_1_96' title='bbox 334 1747 440 1806; x_wconf 87' lang='lat' dir='ltr'><strong>autem</strong></span> <span class='ocrx_word' id='word_1_97' title='bbox 465 1739 580 1826; x_wconf 89' lang='lat' dir='ltr'><strong>opinor</strong></span> <span class='ocrx_word' id='word_1_98' title='bbox 600 1740 688 1804; x_wconf 88' lang='lat' dir='ltr'><strong>viam</strong></span> <span class='ocrx_word' id='word_1_99' title='bbox 709 1741 774 1804; x_wconf 90' lang='lat' dir='ltr'><strong>iam</strong></span> <span class='ocrx_word' id='word_1_100' title='bbox 796 1741 868 1826; x_wconf 90' lang='lat' dir='ltr'><strong>ipse</strong></span> <span class='ocrx_word' id='word_1_101' title='bbox 883 1738 1029 1824; x_wconf 83' lang='lat' dir='ltr'><strong>Scaliger</strong></span> <span class='ocrx_word' id='word_1_102' title='bbox 1044 1739 1248 1802; x_wconf 90' lang='lat' dir='ltr'><strong>monstravit:</strong></span> <span class='ocrx_word' id='word_1_103' title='bbox 1271 1759 1386 1819; x_wconf 75' lang='lat' dir='ltr'><strong>„cerna</strong></span> <span class='ocrx_word' id='word_1_104' title='bbox 1404 1773 1447 1784; x_wconf 89' lang='lat'><em>-</em></span> 
     </span>
     <span class='ocr_line' id='line_1_14' title="bbox 334 1835 1446 1926; baseline 0 -26"><span class='ocrx_word' id='word_1_105' title='bbox 334 1835 419 1900; x_wconf 92' lang='lat' dir='ltr'><strong>unde</strong></span> <span class='ocrx_word' id='word_1_106' title='bbox 434 1839 621 1914; x_wconf 73' lang='lat' dir='ltr'><strong>silicernium,</strong></span> <span class='ocrx_word' id='word_1_107' title='bbox 635 1848 749 1926; x_wconf 90' lang='lat' dir='ltr'><strong>postea</strong></span> <span class='ocrx_word' id='word_1_108' title='bbox 763 1838 976 1903; x_wconf 78' lang='lat' dir='ltr'><strong>silicernium.“</strong></span> <span class='ocrx_word' id='word_1_109' title='bbox 1007 1837 1091 1902; x_wconf 86' lang='lat' dir='ltr'><strong>Nam</strong></span> <span class='ocrx_word' id='word_1_110' title='bbox 1107 1859 1179 1902; x_wconf 90' lang='lat' dir='ltr'><strong>eam</strong></span> <span class='ocrx_word' id='word_1_111' title='bbox 1193 1836 1341 1916; x_wconf 84' lang='lat' dir='ltr'><strong>formam,</strong></span> <span class='ocrx_word' id='word_1_112' title='bbox 1359 1857 1446 1920; x_wconf 89' lang='lat' dir='ltr'><strong>quae</strong></span> 
     </span>
     <span class='ocr_line' id='line_1_15' title="bbox 334 1936 1444 2026; baseline -0.001 -27"><span class='ocrx_word' id='word_1_113' title='bbox 334 1945 384 2000; x_wconf 90' lang='lat' dir='ltr'><strong>est</strong></span> <span class='ocrx_word' id='word_1_114' title='bbox 405 1960 512 2000; x_wconf 73' lang='lat' dir='ltr'><strong>corsua</strong></span> <span class='ocrx_word' id='word_1_115' title='bbox 541 1959 682 2024; x_wconf 90' lang='lat' dir='ltr'><strong>unquam</strong></span> <span class='ocrx_word' id='word_1_116' title='bbox 704 1937 794 2026; x_wconf 90' lang='lat' dir='ltr'><strong>apud</strong></span> <span class='ocrx_word' id='word_1_117' title='bbox 813 1938 949 2004; x_wconf 90' lang='lat' dir='ltr'><strong>Latinos</strong></span> <span class='ocrx_word' id='word_1_118' title='bbox 977 1937 1139 2002; x_wconf 83' lang='lat' dir='ltr'><strong>exstitisse</strong></span> <span class='ocrx_word' id='word_1_119' title='bbox 1160 1957 1275 2022; x_wconf 91' lang='lat' dir='ltr'><strong>parum</strong></span> <span class='ocrx_word' id='word_1_120' title='bbox 1301 1936 1373 1998; x_wconf 85' lang='lat' dir='ltr'><strong>veri</strong></span> <span class='ocrx_word' id='word_1_121' title='bbox 1404 1939 1444 1999; x_wconf 89' lang='lat' dir='ltr'><strong>si-</strong></span> 
     </span>
    </p>

    <p class='ocr_par' dir='ltr' id='par_1_4' title="bbox 231 2031 1443 2224">
     <span class='ocr_line' id='line_1_16' title="bbox 231 2031 1443 2124; baseline 0 -26"><span class='ocrx_word' id='word_1_122' title='bbox 231 2031 234 2038; x_wconf 79' lang='grc'><strong>’</strong></span> <span class='ocrx_word' id='word_1_123' title='bbox 334 2033 409 2099; x_wconf 89' lang='lat' dir='ltr'><strong>mile</strong></span> <span class='ocrx_word' id='word_1_124' title='bbox 432 2044 488 2100; x_wconf 87' lang='lat' dir='ltr'><strong>est.</strong></span> <span class='ocrx_word' id='word_1_125' title='bbox 519 2036 621 2102; x_wconf 93' lang='lat' dir='ltr'><strong>Immo</strong></span> <span class='ocrx_word' id='word_1_126' title='bbox 643 2060 684 2101; x_wconf 86' lang='lat' dir='ltr'><strong>ex</strong></span> <span class='ocrx_word' id='word_1_127' title='bbox 707 2044 729 2100; x_wconf 84' lang='lat' dir='ltr'><strong>d</strong></span> <span class='ocrx_word' id='word_1_128' title='bbox 740 2037 858 2120; x_wconf 89' lang='lat' dir='ltr'><strong>littera,</strong></span> <span class='ocrx_word' id='word_1_129' title='bbox 881 2059 964 2124; x_wconf 90' lang='lat' dir='ltr'><strong>quae</strong></span> <span class='ocrx_word' id='word_1_130' title='bbox 986 2034 1073 2124; x_wconf 90' lang='lat' dir='ltr'><strong>apud</strong></span> <span class='ocrx_word' id='word_1_131' title='bbox 1087 2034 1229 2100; x_wconf 91' lang='lat' dir='ltr'><strong>Umbros</strong></span> <span class='ocrx_word' id='word_1_132' title='bbox 1250 2035 1282 2097; x_wconf 93' lang='lat' dir='ltr'><strong>in</strong></span> <span class='ocrx_word' id='word_1_133' title='bbox 1300 2059 1334 2094; x_wconf 87' lang='lat' dir='ltr'><strong>rs</strong></span> <span class='ocrx_word' id='word_1_134' title='bbox 1350 2033 1443 2115; x_wconf 90' lang='lat' dir='ltr'><strong>abiit,</strong></span> 
     </span>
     <span class='ocr_line' id='line_1_17' title="bbox 334 2132 1402 2224; baseline 0.002 -28"><span class='ocrx_word' id='word_1_135' title='bbox 334 2133 368 2196; x_wconf 91' lang='lat' dir='ltr'><strong>in</strong></span> <span class='ocrx_word' id='word_1_136' title='bbox 389 2133 500 2218; x_wconf 87' lang='lat' dir='ltr'><strong>lingua</strong></span> <span class='ocrx_word' id='word_1_137' title='bbox 511 2133 631 2199; x_wconf 89' lang='lat' dir='ltr'><strong>Latina</strong></span> <span class='ocrx_word' id='word_1_138' title='bbox 650 2137 790 2224; x_wconf 91' lang='lat' dir='ltr'><strong>primum</strong></span> <span class='ocrx_word' id='word_1_139' title='bbox 804 2161 829 2219; x_wconf 81' lang='lat' dir='ltr'><strong>r,</strong></span> <span class='ocrx_word' id='word_1_140' title='bbox 851 2135 968 2200; x_wconf 91' lang='lat' dir='ltr'><strong>deinde</strong></span> <span class='ocrx_word' id='word_1_141' title='bbox 983 2161 1001 2196; x_wconf 86' lang='lat' dir='ltr'><strong>r</strong></span> <span class='ocrx_word' id='word_1_142' title='bbox 1025 2134 1146 2198; x_wconf 88' lang='lat' dir='ltr'><strong>factum</strong></span> <span class='ocrx_word' id='word_1_143' title='bbox 1167 2155 1238 2198; x_wconf 87' lang='lat' dir='ltr'><strong>esse</strong></span> <span class='ocrx_word' id='word_1_144' title='bbox 1259 2132 1402 2198; x_wconf 86' lang='lat' dir='ltr'><strong>videtur.</strong></span> 
     </span>
    </p>
   </div>
   <div class='ocr_carea' id='block_1_4' title="bbox 234 2249 1526 2931">
    <p class='ocr_par' dir='ltr' id='par_1_5' title="bbox 234 2249 1440 2535">
     <span class='ocr_line' id='line_1_18' title="bbox 397 2249 1437 2340; baseline 0.006 -30"><span class='ocrx_word' id='word_1_145' title='bbox 397 2254 551 2330; x_wconf 72' lang='lat' dir='ltr'><strong>deponere,</strong></span> <span class='ocrx_word' id='word_1_146' title='bbox 575 2250 661 2340; x_wconf 90' lang='lat' dir='ltr'><strong>quod</strong></span> <span class='ocrx_word' id='word_1_147' title='bbox 681 2274 723 2316; x_wconf 87' lang='lat' dir='ltr'><strong>ex</strong></span> <span class='ocrx_word' id='word_1_148' title='bbox 744 2275 809 2318; x_wconf 89' lang='lat' dir='ltr'><strong>una</strong></span> <span class='ocrx_word' id='word_1_149' title='bbox 832 2251 1043 2338; x_wconf 86' lang='lat' dir='ltr'><strong>cognovimus</strong></span> <span class='ocrx_word' id='word_1_150' title='bbox 1064 2249 1174 2336; x_wconf 85' lang='lat' dir='ltr'><strong>glossa</strong></span> <span class='ocrx_word' id='word_1_151' title='bbox 1186 2249 1278 2313; x_wconf 86' lang='lat' dir='ltr'><strong>Festi</strong></span> <span class='ocrx_word' id='word_1_152' title='bbox 1292 2254 1335 2336; x_wconf 87' lang='lat' dir='ltr'><strong>(p.</strong></span> <span class='ocrx_word' id='word_1_153' title='bbox 1353 2253 1437 2330; x_wconf 78' lang='lat' dir='ltr'><strong>71,2i</strong></span> 
     </span>
     <span class='ocr_line' id='line_1_19' title="bbox 334 2343 1440 2438; baseline 0.002 -28"><span class='ocrx_word' id='word_1_154' title='bbox 334 2343 471 2425; x_wconf 89' lang='lat' dir='ltr'><strong>Muell.):</strong></span> <span class='ocrx_word' id='word_1_155' title='bbox 509 2349 710 2435; x_wconf 89' lang='lat' dir='ltr'><strong>degunere</strong></span> <span class='ocrx_word' id='word_1_156' title='bbox 744 2350 926 2438; x_wconf 87' lang='lat' dir='ltr'><strong>degustare.</strong></span> <span class='ocrx_word' id='word_1_157' title='bbox 982 2345 1249 2436; x_wconf 70' lang='lat' dir='ltr'><strong>componendum</strong></span> <span class='ocrx_word' id='word_1_158' title='bbox 1287 2357 1336 2411; x_wconf 91' lang='lat' dir='ltr'><strong>est</strong></span> <span class='ocrx_word' id='word_1_159' title='bbox 1370 2369 1440 2412; x_wconf 88' lang='lat' dir='ltr'><strong>cum</strong></span> 
     </span>
     <span class='ocr_line' id='line_1_20' title="bbox 234 2440 1440 2535; baseline 0.004 -29"><span class='ocrx_word' id='word_1_160' title='bbox 234 2499 237 2506; x_wconf 33' lang='lat' dir='ltr'><strong>r</strong></span> <span class='ocrx_word' id='word_1_161' title='bbox 333 2444 405 2512; x_wconf 90' lang='lat' dir='ltr'><strong>rad.</strong></span> <span class='ocrx_word' id='word_1_162' title='bbox 429 2466 483 2528; x_wconf 74' lang='lat' dir='ltr'><strong>yso</strong></span> <span class='ocrx_word' id='word_1_163' title='bbox 505 2471 565 2535; x_wconf 89' lang='lat' dir='ltr'><strong>pro</strong></span> <span class='ocrx_word' id='word_1_164' title='bbox 587 2469 663 2532; x_wconf 78' lang='lat' dir='ltr'><strong>yson</strong></span> <span class='ocrx_word' id='word_1_165' title='bbox 684 2443 792 2532; x_wconf 72' lang='lat' dir='ltr'><strong>(ysaia)</strong></span> <span class='ocrx_word' id='word_1_166' title='bbox 815 2449 885 2514; x_wconf 89' lang='lat' dir='ltr'><strong>Sor.</strong></span> <span class='ocrx_word' id='word_1_167' title='bbox 904 2440 1001 2530; x_wconf 65' lang='lat' dir='ltr'><strong>juia,</strong></span> <span class='ocrx_word' id='word_1_168' title='bbox 1026 2471 1107 2534; x_wconf 89' lang='lat' dir='ltr'><strong>gern</strong></span> <span class='ocrx_word' id='word_1_169' title='bbox 1127 2445 1233 2511; x_wconf 94' lang='lat' dir='ltr'><strong>haben</strong></span> <span class='ocrx_word' id='word_1_170' title='bbox 1255 2447 1301 2513; x_wconf 90' lang='lat' dir='ltr'><strong>ita</strong></span> <span class='ocrx_word' id='word_1_171' title='bbox 1322 2456 1359 2513; x_wconf 87' lang='lat' dir='ltr'><strong>ut</strong></span> <span class='ocrx_word' id='word_1_172' title='bbox 1379 2449 1440 2534; x_wconf 92' lang='lat' dir='ltr'><strong>pri·</strong></span> 
     </span>
    </p>

    <p class='ocr_par' dir='ltr' id='par_1_6' title="bbox 265 2537 1526 2931">
     <span class='ocr_line' id='line_1_21' title="bbox 265 2537 1526 2631; baseline 0.003 -25"><span class='ocrx_word' id='word_1_173' title='bbox 265 2575 269 2584; x_wconf 92' lang='lat'>.</span> <span class='ocrx_word' id='word_1_174' title='bbox 333 2545 448 2609; x_wconf 82' lang='lat' dir='ltr'><strong>mitiva</strong></span> <span class='ocrx_word' id='word_1_175' title='bbox 476 2544 581 2612; x_wconf 84' lang='lat' dir='ltr'><strong>forma</strong></span> <span class='ocrx_word' id='word_1_176' title='bbox 608 2549 794 2631; x_wconf 69' lang='lat' dir='ltr'><strong>*depascere</strong></span> <span class='ocrx_word' id='word_1_177' title='bbox 820 2548 925 2614; x_wconf 88' lang='lat' dir='ltr'><strong>fuerit.</strong></span> <span class='ocrx_word' id='word_1_178' title='bbox 969 2547 1051 2615; x_wconf 80' lang='lat' dir='ltr'><strong>Cum</strong></span> <span class='ocrx_word' id='word_1_179' title='bbox 1076 2545 1165 2610; x_wconf 92' lang='lat' dir='ltr'><strong>nulla</strong></span> <span class='ocrx_word' id='word_1_180' title='bbox 1192 2568 1308 2610; x_wconf 87' lang='lat' dir='ltr'><strong>caussa</strong></span> <span class='ocrx_word' id='word_1_181' title='bbox 1335 2546 1441 2611; x_wconf 87' lang='lat' dir='ltr'><strong>afferri</strong></span> <span class='ocrx_word' id='word_1_182' title='bbox 1493 2537 1526 2610; x_wconf 55' lang='grc' dir='ltr'><strong>,ζ</strong></span> 
     </span>
     <span class='ocr_line' id='line_1_22' title="bbox 333 2644 1526 2734; baseline 0.001 -28"><span class='ocrx_word' id='word_1_183' title='bbox 333 2644 451 2728; x_wconf 88' lang='lat' dir='ltr'><strong>possit,</strong></span> <span class='ocrx_word' id='word_1_184' title='bbox 483 2667 540 2710; x_wconf 90' lang='lat' dir='ltr'><strong>cur</strong></span> <span class='ocrx_word' id='word_1_185' title='bbox 571 2649 682 2734; x_wconf 89' lang='lat' dir='ltr'><strong>stirpis</strong></span> <span class='ocrx_word' id='word_1_186' title='bbox 712 2673 769 2730; x_wconf 73' lang='lat' dir='ltr'><strong>qus</strong></span> <span class='ocrx_word' id='word_1_187' title='bbox 791 2645 912 2712; x_wconf 87' lang='lat' dir='ltr'><strong>vocalis</strong></span> <span class='ocrx_word' id='word_1_188' title='bbox 943 2645 1041 2732; x_wconf 86' lang='lat' dir='ltr'><strong>longa</strong></span> <span class='ocrx_word' id='word_1_189' title='bbox 1072 2667 1142 2710; x_wconf 90' lang='lat' dir='ltr'><strong>esse</strong></span> <span class='ocrx_word' id='word_1_190' title='bbox 1166 2644 1299 2726; x_wconf 88' lang='lat' dir='ltr'><strong>debeat,</strong></span> <span class='ocrx_word' id='word_1_191' title='bbox 1327 2645 1362 2708; x_wconf 93' lang='lat' dir='ltr'><strong>in</strong></span> <span class='ocrx_word' id='word_1_192' title='bbox 1382 2645 1440 2724; x_wconf 88' lang='lat' dir='ltr'><strong>boc</strong></span> <span class='ocrx_word' id='word_1_193' title='bbox 1525 2675 1526 2706; x_wconf 66' lang='lat' dir='ltr'><strong>r</strong></span> 
     </span>
     <span class='ocr_line' id='line_1_23' title="bbox 331 2744 1439 2837; baseline 0.001 -31"><span class='ocrx_word' id='word_1_194' title='bbox 331 2761 466 2806; x_wconf 88' lang='lat' dir='ltr'><strong>numero</strong></span> <span class='ocrx_word' id='word_1_195' title='bbox 489 2746 592 2830; x_wconf 91' lang='lat' dir='ltr'><strong>posui,</strong></span> <span class='ocrx_word' id='word_1_196' title='bbox 614 2745 766 2813; x_wconf 91' lang='lat' dir='ltr'><strong>indubio</strong></span> <span class='ocrx_word' id='word_1_197' title='bbox 788 2769 866 2812; x_wconf 90' lang='lat' dir='ltr'><strong>vero</strong></span> <span class='ocrx_word' id='word_1_198' title='bbox 883 2744 1128 2837; x_wconf 87' lang='lat' dir='ltr'><strong>relinquendum</strong></span> <span class='ocrx_word' id='word_1_199' title='bbox 1147 2754 1205 2826; x_wconf 91' lang='lat' dir='ltr'><strong>est,</strong></span> <span class='ocrx_word' id='word_1_200' title='bbox 1227 2754 1335 2808; x_wconf 88' lang='lat' dir='ltr'><strong>utrum</strong></span> <span class='ocrx_word' id='word_1_201' title='bbox 1351 2744 1439 2808; x_wconf 88' lang='lat' dir='ltr'><strong>verbi</strong></span> 
     </span>
     <span class='ocr_line' id='line_1_24' title="bbox 333 2841 1140 2931; baseline 0.01 -31"><span class='ocrx_word' id='word_1_202' title='bbox 333 2843 479 2920; x_wconf 70' lang='lat' dir='ltr'><strong>deponere</strong></span> <span class='ocrx_word' id='word_1_203' title='bbox 500 2841 603 2910; x_wconf 90' lang='lat' dir='ltr'><strong>altera</strong></span> <span class='ocrx_word' id='word_1_204' title='bbox 626 2845 754 2931; x_wconf 84' lang='lat' dir='ltr'><strong>syllaba</strong></span> <span class='ocrx_word' id='word_1_205' title='bbox 776 2844 885 2911; x_wconf 89' lang='lat' dir='ltr'><strong>brevis</strong></span> <span class='ocrx_word' id='word_1_206' title='bbox 906 2868 949 2910; x_wconf 92' lang='lat' dir='ltr'><strong>an</strong></span> <span class='ocrx_word' id='word_1_207' title='bbox 969 2844 1068 2929; x_wconf 90' lang='lat' dir='ltr'><strong>longa</strong></span> <span class='ocrx_word' id='word_1_208' title='bbox 1091 2845 1140 2908; x_wconf 88' lang='lat' dir='ltr'><strong>sit.</strong></span> 
     </span>
    </p>
   </div>
   <div class='ocr_carea' id='block_1_5' title="bbox 371 2974 1440 3086">
    <p class='ocr_par' dir='ltr' id='par_1_7' title="bbox 371 2974 1440 3086">
     <span class='ocr_line' id='line_1_25' title="bbox 371 2974 1440 3086; baseline 0.004 -51"><span class='ocrx_word' id='word_1_209' title='bbox 371 3055 383 3086; x_wconf 43' lang='grc' dir='ltr'><strong><em>θ</em></strong></span> <span class='ocrx_word' id='word_1_210' title='bbox 394 2979 511 3049; x_wconf 78' lang='lat' dir='ltr'><strong>sanam.</strong></span> <span class='ocrx_word' id='word_1_211' title='bbox 539 2975 624 3041; x_wconf 87' lang='lat' dir='ltr'><strong>Ante</strong></span> <span class='ocrx_word' id='word_1_212' title='bbox 646 3001 667 3039; x_wconf 79' lang='lat' dir='ltr'><strong>a</strong></span> <span class='ocrx_word' id='word_1_213' title='bbox 687 3000 758 3042; x_wconf 91' lang='lat' dir='ltr'><strong>esse</strong></span> <span class='ocrx_word' id='word_1_214' title='bbox 780 2979 933 3043; x_wconf 87' lang='lat' dir='ltr'><strong>extritam</strong></span> <span class='ocrx_word' id='word_1_215' title='bbox 954 3002 969 3039; x_wconf 85' lang='lat' dir='ltr'><strong>s</strong></span> <span class='ocrx_word' id='word_1_216' title='bbox 988 2986 1128 3065; x_wconf 88' lang='lat' dir='ltr'><strong>apparet</strong></span> <span class='ocrx_word' id='word_1_217' title='bbox 1149 2997 1191 3040; x_wconf 88' lang='lat' dir='ltr'><strong>ex</strong></span> <span class='ocrx_word' id='word_1_218' title='bbox 1204 2974 1292 3040; x_wconf 90' lang='lat' dir='ltr'><strong>Osco</strong></span> <span class='ocrx_word' id='word_1_219' title='bbox 1314 2976 1440 3040; x_wconf 86' lang='lat' dir='ltr'><strong>nomine</strong></span> 
     </span>
    </p>
   </div>
   <div class='ocr_carea' id='block_1_6' title="bbox 325 3061 1439 3378">
    <p class='ocr_par' dir='ltr' id='par_1_8' title="bbox 325 3061 1439 3378">
     <span class='ocr_line' id='line_1_26' title="bbox 325 3061 1438 3180; baseline -0.004 -20"><span class='ocrx_word' id='word_1_220' title='bbox 325 3061 471 3176; x_wconf 66' lang='lat' dir='ltr'><strong>siacum,</strong></span> <span class='ocrx_word' id='word_1_221' title='bbox 494 3092 581 3180; x_wconf 84' lang='lat' dir='ltr'><strong>quod</strong></span> <span class='ocrx_word' id='word_1_222' title='bbox 602 3093 823 3160; x_wconf 87' lang='lat' dir='ltr'><strong>Mommsenus</strong></span> <span class='ocrx_word' id='word_1_223' title='bbox 845 3093 913 3172; x_wconf 93' lang='lat' dir='ltr'><strong>(lib.</strong></span> <span class='ocrx_word' id='word_1_224' title='bbox 933 3093 974 3159; x_wconf 92' lang='lat' dir='ltr'><strong>de</strong></span> <span class='ocrx_word' id='word_1_225' title='bbox 996 3093 1083 3159; x_wconf 91' lang='lat' dir='ltr'><strong>diall.</strong></span> <span class='ocrx_word' id='word_1_226' title='bbox 1105 3091 1177 3158; x_wconf 88' lang='lat' dir='ltr'><strong>Ital.</strong></span> <span class='ocrx_word' id='word_1_227' title='bbox 1197 3115 1230 3179; x_wconf 88' lang='lat' dir='ltr'><strong>p.</strong></span> <span class='ocrx_word' id='word_1_228' title='bbox 1253 3097 1327 3169; x_wconf 87' lang='lat'>308)</span> <span class='ocrx_word' id='word_1_229' title='bbox 1348 3093 1438 3156; x_wconf 88' lang='lat' dir='ltr'><strong>inter-</strong></span> 
     </span>
     <span class='ocr_line' id='line_1_27' title="bbox 340 3189 1437 3280; baseline -0.004 -22"><span class='ocrx_word' id='word_1_230' title='bbox 340 3201 487 3280; x_wconf 88' lang='lat' dir='ltr'><strong>pretatus</strong></span> <span class='ocrx_word' id='word_1_231' title='bbox 510 3201 559 3256; x_wconf 91' lang='lat' dir='ltr'><strong>est</strong></span> <span class='ocrx_word' id='word_1_232' title='bbox 579 3215 638 3280; x_wconf 86' lang='lat' dir='ltr'><strong>per</strong></span> <span class='ocrx_word' id='word_1_233' title='bbox 650 3202 770 3272; x_wconf 81' lang='lat' dir='ltr'><strong>sanum.</strong></span> <span class='ocrx_word' id='word_1_234' title='bbox 806 3191 880 3258; x_wconf 89' lang='lat' dir='ltr'><strong>Hac</strong></span> <span class='ocrx_word' id='word_1_235' title='bbox 896 3191 936 3258; x_wconf 90' lang='lat' dir='ltr'><strong>de</strong></span> <span class='ocrx_word' id='word_1_236' title='bbox 951 3216 1068 3259; x_wconf 86' lang='lat' dir='ltr'><strong>caussa</strong></span> <span class='ocrx_word' id='word_1_237' title='bbox 1083 3192 1214 3260; x_wconf 83' lang='lat' dir='ltr'><strong>Curtius</strong></span> <span class='ocrx_word' id='word_1_238' title='bbox 1229 3189 1333 3266; x_wconf 86' lang='lat' dir='ltr'><strong>(elem.</strong></span> <span class='ocrx_word' id='word_1_239' title='bbox 1347 3201 1437 3276; x_wconf 82' lang='lat' dir='ltr'><strong>etym.</strong></span> 
     </span>
     <span class='ocr_line' id='line_1_28' title="bbox 332 3289 1439 3378; baseline -0.004 -20"><span class='ocrx_word' id='word_1_240' title='bbox 332 3316 365 3378; x_wconf 90' lang='lat' dir='ltr'><strong>p.</strong></span> <span class='ocrx_word' id='word_1_241' title='bbox 377 3297 449 3362; x_wconf 79' lang='grc'>231)</span> <span class='ocrx_word' id='word_1_242' title='bbox 472 3291 596 3356; x_wconf 90' lang='lat' dir='ltr'><strong>maiore</strong></span> <span class='ocrx_word' id='word_1_243' title='bbox 615 3315 686 3356; x_wconf 89' lang='lat' dir='ltr'><strong>cum</strong></span> <span class='ocrx_word' id='word_1_244' title='bbox 708 3291 938 3378; x_wconf 88' lang='lat' dir='ltr'><strong>probabilitate</strong></span> <span class='ocrx_word' id='word_1_245' title='bbox 956 3315 977 3358; x_wconf 92' lang='lat' dir='ltr'><strong>a</strong></span> <span class='ocrx_word' id='word_1_246' title='bbox 990 3290 1061 3357; x_wconf 90' lang='lat' dir='ltr'><strong>rad.</strong></span> <span class='ocrx_word' id='word_1_247' title='bbox 1076 3300 1130 3368; x_wconf 76' lang='lat' dir='ltr'><strong>fes</strong></span> <span class='ocrx_word' id='word_1_248' title='bbox 1151 3291 1274 3371; x_wconf 86' lang='lat' dir='ltr'><strong>(festus,</strong></span> <span class='ocrx_word' id='word_1_249' title='bbox 1296 3289 1439 3366; x_wconf 86' lang='lat' dir='ltr'><strong>festivus)</strong></span> 
     </span>
    </p>
   </div>
   <div class='ocr_carea' id='block_1_7' title="bbox 247 3389 1439 3476">
    <p class='ocr_par' dir='ltr' id='par_1_9' title="bbox 247 3389 1439 3476">
     <span class='ocr_line' id='line_1_29' title="bbox 247 3389 1439 3476; baseline -0.003 -20"><span class='ocrx_word' id='word_1_250' title='bbox 247 3420 252 3434; x_wconf 91' lang='lat'><strong>·</strong></span> <span class='ocrx_word' id='word_1_251' title='bbox 333 3391 391 3456; x_wconf 80' lang='lat' dir='ltr'><strong>Gr.</strong></span> <span class='ocrx_word' id='word_1_252' title='bbox 415 3392 480 3452; x_wconf 67' lang='grc' dir='ltr'><strong>θεσ</strong></span> <span class='ocrx_word' id='word_1_253' title='bbox 502 3389 633 3456; x_wconf 87' lang='lat' dir='ltr'><strong>deducit</strong></span> <span class='ocrx_word' id='word_1_254' title='bbox 654 3411 751 3476; x_wconf 90' lang='lat' dir='ltr'><strong>quam</strong></span> <span class='ocrx_word' id='word_1_255' title='bbox 773 3390 881 3456; x_wconf 90' lang='lat' dir='ltr'><strong>Varro</strong></span> <span class='ocrx_word' id='word_1_256' title='bbox 903 3391 956 3468; x_wconf 89' lang='lat' dir='ltr'><strong>(de</strong></span> <span class='ocrx_word' id='word_1_257' title='bbox 969 3392 989 3456; x_wconf 92' lang='lat' dir='ltr'><strong>l.</strong></span> <span class='ocrx_word' id='word_1_258' title='bbox 1005 3391 1078 3457; x_wconf 82' lang='lat' dir='ltr'><strong>Lat</strong></span> <span class='ocrx_word' id='word_1_259' title='bbox 1102 3389 1158 3456; x_wconf 90' lang='lat' dir='ltr'><strong>VI.</strong></span> <span class='ocrx_word' id='word_1_260' title='bbox 1179 3392 1208 3470; x_wconf 66' lang='grc' dir='ltr'><strong>ξ.</strong></span> <span class='ocrx_word' id='word_1_261' title='bbox 1225 3395 1277 3466; x_wconf 87' lang='grc'><strong>54)</strong></span> <span class='ocrx_word' id='word_1_262' title='bbox 1300 3412 1321 3454; x_wconf 90' lang='lat' dir='ltr'><strong>a</strong></span> <span class='ocrx_word' id='word_1_263' title='bbox 1335 3389 1439 3454; x_wconf 88' lang='lat' dir='ltr'><strong>fando.</strong></span> 
     </span>
    </p>
   </div>
   <div class='ocr_carea' id='block_1_8' title="bbox 330 3503 1438 4183">
    <p class='ocr_par' dir='ltr' id='par_1_10' title="bbox 330 3503 1438 4183">
     <span class='ocr_line' id='line_1_30' title="bbox 391 3503 1438 3592; baseline 0 -26"><span class='ocrx_word' id='word_1_264' title='bbox 391 3508 480 3585; x_wconf 79' lang='lat' dir='ltr'><strong>penis</strong></span> <span class='ocrx_word' id='word_1_265' title='bbox 502 3526 574 3568; x_wconf 90' lang='lat' dir='ltr'><strong>cum</strong></span> <span class='ocrx_word' id='word_1_266' title='bbox 597 3503 694 3590; x_wconf 88' lang='lat' dir='ltr'><strong>plane</strong></span> <span class='ocrx_word' id='word_1_267' title='bbox 714 3503 851 3591; x_wconf 88' lang='lat' dir='ltr'><strong>quadret</strong></span> <span class='ocrx_word' id='word_1_268' title='bbox 872 3516 1008 3592; x_wconf 88' lang='lat' dir='ltr'><strong>propter</strong></span> <span class='ocrx_word' id='word_1_269' title='bbox 1030 3507 1192 3571; x_wconf 89' lang='lat' dir='ltr'><strong>notionem</strong></span> <span class='ocrx_word' id='word_1_270' title='bbox 1205 3506 1240 3568; x_wconf 94' lang='lat' dir='ltr'><strong>in</strong></span> <span class='ocrx_word' id='word_1_271' title='bbox 1256 3503 1325 3568; x_wconf 80' lang='lat' dir='ltr'><strong>Sor.</strong></span> <span class='ocrx_word' id='word_1_272' title='bbox 1340 3527 1438 3584; x_wconf 77' lang='lat' dir='ltr'><strong>pasus,</strong></span> 
     </span>
     <span class='ocr_line' id='line_1_31' title="bbox 331 3595 1438 3692; baseline -0.003 -23"><span class='ocrx_word' id='word_1_273' title='bbox 331 3601 542 3668; x_wconf 87' lang='lat' dir='ltr'><strong>Aufrechtius</strong></span> <span class='ocrx_word' id='word_1_274' title='bbox 553 3603 687 3682; x_wconf 86' lang='lat' dir='ltr'><strong>(Kuhnii</strong></span> <span class='ocrx_word' id='word_1_275' title='bbox 701 3602 847 3668; x_wconf 87' lang='lat' dir='ltr'><strong>annall.I</strong></span> <span class='ocrx_word' id='word_1_276' title='bbox 861 3599 967 3692; x_wconf 81' lang='lat'>[1851]</span> <span class='ocrx_word' id='word_1_277' title='bbox 982 3609 1053 3684; x_wconf 76' lang='grc'>288)</span> <span class='ocrx_word' id='word_1_278' title='bbox 1072 3608 1219 3684; x_wconf 55' lang='lat' dir='ltr'><strong>emesae</strong></span> <span class='ocrx_word' id='word_1_279' title='bbox 1237 3604 1359 3670; x_wconf 84' lang='lat' dir='ltr'><strong>factum</strong></span> <span class='ocrx_word' id='word_1_280' title='bbox 1374 3595 1438 3668; x_wconf 82' lang='lat' dir='ltr'><strong>esse</strong></span> 
     </span>
     <span class='ocr_line' id='line_1_32' title="bbox 330 3701 1438 3791; baseline -0.005 -24"><span class='ocrx_word' id='word_1_281' title='bbox 330 3713 440 3791; x_wconf 84' lang='lat' dir='ltr'><strong>putat,</strong></span> <span class='ocrx_word' id='word_1_282' title='bbox 462 3701 550 3790; x_wconf 91' lang='lat' dir='ltr'><strong>quod</strong></span> <span class='ocrx_word' id='word_1_283' title='bbox 572 3701 758 3768; x_wconf 90' lang='lat' dir='ltr'><strong>confirmari</strong></span> <span class='ocrx_word' id='word_1_284' title='bbox 778 3701 907 3768; x_wconf 86' lang='lat' dir='ltr'><strong>videtur</strong></span> <span class='ocrx_word' id='word_1_285' title='bbox 929 3704 1019 3768; x_wconf 85' lang='lat' dir='ltr'><strong>Festi</strong></span> <span class='ocrx_word' id='word_1_286' title='bbox 1041 3702 1153 3790; x_wconf 87' lang='lat' dir='ltr'><strong>glossa</strong></span> <span class='ocrx_word' id='word_1_287' title='bbox 1174 3707 1218 3788; x_wconf 90' lang='lat' dir='ltr'><strong>(p.</strong></span> <span class='ocrx_word' id='word_1_288' title='bbox 1241 3707 1354 3785; x_wconf 81' lang='lat'><strong>205,14</strong></span> <span class='ocrx_word' id='word_1_289' title='bbox 1373 3701 1438 3779; x_wconf 88' lang='lat' dir='ltr'><strong>M.):</strong></span> 
     </span>
     <span class='ocr_line' id='line_1_33' title="bbox 331 3799 1437 3888; baseline -0.001 -24"><span class='ocrx_word' id='word_1_290' title='bbox 331 3803 501 3883; x_wconf 78' lang='lat' dir='ltr'><strong>‚‚pcsaia‚</strong></span> <span class='ocrx_word' id='word_1_291' title='bbox 516 3803 631 3887; x_wconf 86' lang='lat' dir='ltr'><strong>pennis</strong></span> <span class='ocrx_word' id='word_1_292' title='bbox 646 3811 682 3866; x_wconf 89' lang='lat' dir='ltr'><strong>ut</strong></span> <span class='ocrx_word' id='word_1_293' title='bbox 697 3801 875 3868; x_wconf 85' lang='lat' dir='ltr'><strong>Casmenas</strong></span> <span class='ocrx_word' id='word_1_294' title='bbox 890 3801 1043 3868; x_wconf 87' lang='lat' dir='ltr'><strong>dicebant</strong></span> <span class='ocrx_word' id='word_1_295' title='bbox 1056 3825 1115 3888; x_wconf 91' lang='lat' dir='ltr'><strong>pro</strong></span> <span class='ocrx_word' id='word_1_296' title='bbox 1132 3799 1322 3868; x_wconf 79' lang='lat' dir='ltr'><strong>Camenas.&#39;’</strong></span> <span class='ocrx_word' id='word_1_297' title='bbox 1348 3801 1437 3866; x_wconf 88' lang='lat' dir='ltr'><strong>Hunc</strong></span> 
     </span>
     <span class='ocr_line' id='line_1_34' title="bbox 331 3897 1433 3986; baseline -0.001 -22"><span class='ocrx_word' id='word_1_298' title='bbox 331 3899 438 3965; x_wconf 86' lang='lat' dir='ltr'><strong>locum</strong></span> <span class='ocrx_word' id='word_1_299' title='bbox 465 3897 700 3966; x_wconf 83' lang='lat' dir='ltr'><strong>Fleckeisenus</strong></span> <span class='ocrx_word' id='word_1_300' title='bbox 730 3902 777 3964; x_wconf 91' lang='lat' dir='ltr'><strong>sic</strong></span> <span class='ocrx_word' id='word_1_301' title='bbox 810 3899 983 3966; x_wconf 89' lang='lat' dir='ltr'><strong>emendare</strong></span> <span class='ocrx_word' id='word_1_302' title='bbox 1017 3899 1140 3966; x_wconf 89' lang='lat' dir='ltr'><strong>studuit</strong></span> <span class='ocrx_word' id='word_1_303' title='bbox 1172 3899 1320 3977; x_wconf 90' lang='lat' dir='ltr'><strong>(tituliL</strong></span> <span class='ocrx_word' id='word_1_304' title='bbox 1351 3923 1382 3986; x_wconf 93' lang='lat' dir='ltr'><strong>p.</strong></span> <span class='ocrx_word' id='word_1_305' title='bbox 1404 3905 1433 3964; x_wconf 86' lang='lat' dir='ltr'><strong>tt</strong></span> 
     </span>
     <span class='ocr_line' id='line_1_35' title="bbox 331 3995 1435 4083; baseline -0.003 -23"><span class='ocrx_word' id='word_1_306' title='bbox 331 4007 397 4062; x_wconf 92' lang='lat' dir='ltr'><strong>not.</strong></span> <span class='ocrx_word' id='word_1_307' title='bbox 420 3996 488 4077; x_wconf 75' lang='lat' dir='ltr'><strong>alt.)</strong></span> <span class='ocrx_word' id='word_1_308' title='bbox 508 4008 544 4062; x_wconf 91' lang='lat' dir='ltr'><strong>ut</strong></span> <span class='ocrx_word' id='word_1_309' title='bbox 561 4002 650 4077; x_wconf 82' lang='lat' dir='ltr'><strong>penis</strong></span> <span class='ocrx_word' id='word_1_310' title='bbox 673 4019 733 4083; x_wconf 92' lang='lat' dir='ltr'><strong>pro</strong></span> <span class='ocrx_word' id='word_1_311' title='bbox 749 4003 857 4078; x_wconf 79' lang='lat' dir='ltr'><strong>peanis</strong></span> <span class='ocrx_word' id='word_1_312' title='bbox 879 3999 1084 4064; x_wconf 88' lang='lat' dir='ltr'><strong>scribendum</strong></span> <span class='ocrx_word' id='word_1_313' title='bbox 1108 4000 1158 4064; x_wconf 89' lang='lat' dir='ltr'><strong>sit.</strong></span> <span class='ocrx_word' id='word_1_314' title='bbox 1197 3999 1247 4062; x_wconf 89' lang='lat' dir='ltr'><strong>Ac</strong></span> <span class='ocrx_word' id='word_1_315' title='bbox 1269 3995 1435 4064; x_wconf 87' lang='lat' dir='ltr'><strong>verisimile</strong></span> 
     </span>
     <span class='ocr_line' id='line_1_36' title="bbox 332 4095 1434 4183; baseline -0.002 -23"><span class='ocrx_word' id='word_1_316' title='bbox 332 4115 411 4160; x_wconf 84' lang='lat' dir='ltr'><strong>sane</strong></span> <span class='ocrx_word' id='word_1_317' title='bbox 429 4103 492 4179; x_wconf 84' lang='lat' dir='ltr'><strong>est,</strong></span> <span class='ocrx_word' id='word_1_318' title='bbox 513 4095 666 4162; x_wconf 88' lang='lat' dir='ltr'><strong>hocloco</strong></span> <span class='ocrx_word' id='word_1_319' title='bbox 689 4098 902 4182; x_wconf 89' lang='lat' dir='ltr'><strong>antiquiorem</strong></span> <span class='ocrx_word' id='word_1_320' title='bbox 925 4099 1061 4164; x_wconf 78' lang='lat' dir='ltr'><strong>formam</strong></span> <span class='ocrx_word' id='word_1_321' title='bbox 1081 4096 1237 4162; x_wconf 86' lang='lat' dir='ltr'><strong>traditam</strong></span> <span class='ocrx_word' id='word_1_322' title='bbox 1260 4121 1339 4180; x_wconf 88' lang='lat' dir='ltr'><strong>esse,</strong></span> <span class='ocrx_word' id='word_1_323' title='bbox 1360 4113 1434 4183; x_wconf 87' lang='lat' dir='ltr'><strong>quae</strong></span> 
     </span>
    </p>
   </div>
   <div class='ocr_carea' id='block_1_9' title="bbox 0 0 1532 4968">
    <p class='ocr_par' dir='ltr' id='par_1_11' title="bbox 0 0 1532 4968">
     <span class='ocr_line' id='line_1_37' title="bbox 0 0 1532 4968; baseline 0 0"><span class='ocrx_word' id='word_1_324' title='bbox 0 0 1532 4968; x_wconf 95' lang='lat' dir='ltr'><strong> </strong></span> 
     </span>
    </p>
   </div>
  </div>
 </body>
</html>
