3034 4964
872 451 912 519 32

785 537 995 550 anun——

336 640 423 694 certe
443 651 507 695 non
530 615 684 720 delapsus
705 645 800 717 esset,
824 636 861 698 si
873 657 937 700 vas.
962 635 1107 722 Theogn.
1122 641 1183 702 924
1198 645 1229 700 et
1248 641 1309 734 939
1328 639 1428 722 optime

334 727 472 794 traditos
493 735 703 816 respexisset.
1111 777 1115 784 ·

398 847 553 911 Formam
574 847 717 914 Doricae
739 849 868 914 dialecti
895 852 1064 937 propriam
1094 852 1203 916 nescio
1226 872 1267 915 an
1287 849 1429 935 Berghius

334 955 423 1010 recte
445 949 640 1032 reposuerit:
662 947 807 1034 Theogn.
831 955 892 1017 266
919 972 979 1035 pro
1008 952 1054 1014 eis
1077 971 1160 1037 quae
1182 949 1280 1036 vulgo
1301 950 1430 1035 leguntur

336 1040 469 1130 φεύγειν
496 1037 649 1132 ιδσαμέν)
678 1049 841 1113 coniciens
869 1051 990 1134 φεῦγεν
1011 1041 1233 1135 ἀπωσαμένη,
1264 1071 1333 1114 cum
1352 1045 1430 1112 Allo

336 1144 513 1210 exhibeant
535 1137 749 1232 ἀπωσαμένη,
794 1147 894 1214 Cuius
922 1147 1048 1214 formae
1069 1151 1228 1234 originem
1250 1149 1334 1214 infra
1354 1168 1431 1212 accu-
1501 1157 1502 1180 .

335 1246 437 1308 ratius
461 1265 668 1331 exponemus.
1498 1244 1501 1257 '

398 1359 529 1446 Magnis
550 1361 797 1427 difficultatibus
811 1361 969 1450 impedita
991 1373 1040 1429 est
1054 1367 1201 1450 quaestio
1223 1364 1264 1430 de
1285 1365 1432 1430 infinitivis
1498 1316 1501 1421 l

337 1461 449 1524 aoristi
479 1461 628 1546 primarii
657 1465 765 1528 activi.
809 1461 874 1542 Qui
904 1463 993 1550 apud
1022 1463 1203 1529 Homerum
1232 1474 1360 1551 praeter
1378 1461 1432 1526 vul-

336 1581 448 1646 garem
470 1560 607 1625 formam
630 1562 678 1623 εῖν
699 1563 794 1626 etiam
819 1563 984 1628 diductam
1007 1583 1070 1626 εειν
1091 1563 1228 1642 habent,
1251 1587 1394 1648 eamque,
1413 1563 1434 1625 si
1498 1552 1501 1563 ¹

336 1673 424 1724 recte
445 1659 587 1725 calculos
609 1657 753 1743 adhibui,
779 1667 836 1729 102
860 1661 950 1745 loeis,
972 1668 1012 1728 53
1027 1661 1150 1745 Iliadis,
1171 1669 1211 1730 49
1233 1661 1396 1752 Odysseae
1408 1663 1434 1742 ⁵),

337 1770 433 1847 atque
466 1759 554 1846 apud
581 1761 711 1824 lonicae
742 1783 860 1848 prosae
893 1763 1069 1848 scriptores
1103 1761 1230 1827 codices
1263 1783 1362 1849 saepe
1388 1761 1435 1824 hus
1501 1835 1502 1842 ρ

336 1861 457 1924 formas
481 1845 648 1945 praebent
692 1859 867 1925 Miraberis
889 1863 998 1947 igitur,
1020 1861 1107 1949 quod
1129 1861 1218 1949 apud
1241 1861 1395 1947 elegiacos
1412 1868 1436 1920 et
1501 1899 1502 1952 3

337 1959 590 2046 iambographos
608 1958 727 2046 ubique
743 1961 921 2025 contractio
934 1961 1057 2026 tradita
1072 1973 1136 2026 est:
1159 1968 1191 2026 51
1212 1960 1303 2044 locis,
1318 1979 1435 2048 quorum
1501 1961 1502 2030 ἶ

337 2065 376 2127 43
399 2059 441 2123 ad
462 2058 583 2144 elegias
605 2064 656 2133 (26
679 2057 891 2145 Theognidis,
916 2068 934 2124 5
957 2083 1069 2125 musae
1090 2059 1245 2148 puerilis),
1268 2066 1287 2128 8
1309 2058 1351 2124 ad
1371 2059 1435 2122 iam·
1501 2045 1503 2080 ²

337 2158 396 2223 bos
419 2167 583 2245 spectant,
611 2159 645 2222 in
668 2158 777 2223 verbis
806 2181 890 2246 quae
917 2170 1068 2224 secuntur
1086 2161 1127 2236 6))
1149 2165 1178 2236 a)
1200 2153 1294 2222 ἁδεῖν
1313 2159 1363 2235 (cf.
1384 2154 1436 2222 Sol.

338 2265 367 2335 7,
382 2266 421 2341 1),
435 2257 466 2334 b)
489 2256 605 2340 βαλεῖν
626 2257 753 2336 (Arch.
768 2267 841 2323 tetr.
858 2265 906 2335 72,
920 2265 962 2342 2),
976 2266 1003 2338 9)
1024 2251 1130 2321 εἰπεῖν
1152 2257 1310 2344 (Theogn.
1327 2261 1402 2338 519),
1414 2247 1437 2329 d)

338 2352 453 2420 ἐλθεῖν
471 2357 575 2434 (sim.
602 2365 627 2440 1,
643 2363 678 2440 8)
701 2365 728 2436 7,
744 2364 809 2438 33))
831 2367 858 2434 0)
878 2351 983 2436 εὑρεῖν
1004 2358 1161 2443 (Theogn.
1175 2364 1236 2428 639
1251 2359 1356 2439 omisi,
1376 2355 1438 2442 quia

337 2467 424 2522 recte
446 2465 603 2522 mutatum
624 2467 674 2520 est
695 2458 730 2520 in
751 2447 787 2519 εδ
808 2459 903 2538 ῥεῖν),
923 2450 952 2535 f)
974 2458 1110 2532 θανεῖν,
1135 2466 1165 2536 8)
1188 2459 1301 2537 θιγεῖν
1321 2453 1437 2534 (Arch.

385 2559 501 2636 r.71,)
531 2547 667 2632 ploce»
694 2555 801 2642 (Tyrt
831 2563 885 2638 19,
908 2563 959 2624 29.
982 2557 1046 2624 Sol.
1071 2563 1125 2634 13,
1156 2563 1186 2625 6.
1215 2556 1361 2642 Theogn.
1382 2559 1438 2620 216.

336 2566 472 2722 ede-
495 2655 609 2720 Arch.
632 2659 703 2721 tetr.
727 2662 775 2733 58,
797 2662 824 2724 3.
849 2655 935 2720 Sim.
958 2664 984 2734 7,
1006 2647 1440 2738 31),ὶ)κιχιῖι,)1)1α)εῐι,

337 2751 523 2837 Ι)μα3εῖν,
551 2755 739 2830 νι)πα3εῖν
765 2754 843 2834 (Sol.
869 2761 924 2837 24,
950 2763 979 2820 4.
1008 2755 1153 2842 Theogn.
1178 2759 1265 2838 817),
1292 2751 1441 2834 11)πεσεῖν

339 2853 466 2927 (Αια1ι.
488 2863 560 2918 tetr.
585 2859 639 2931 72,
662 2858 707 2937 1),
736 2860 765 2931 0)
788 2855 878 2916 πιεῖν
900 2853 1027 2931 (Arch.
1051 2864 1124 2920 tetr.
1145 2858 1200 2933 68,
1223 2861 1266 2932 1),
1293 2861 1326 2933 1))
1347 2851 1441 2930 λαχεῖν

338 2953 447 3029 (Ρ1ιοε.
464 2959 494 3034 3,
506 2958 548 3034 8),
570 2958 600 3026 (l)
617 2954 712 3036 cxciv,
734 2960 760 3032 r)
775 2955 889 3036 τυχεῖν,
911 2963 936 3030 ι)
949 2955 1067 3039 φυγεῖν
1080 2953 1175 3031 (Call.
1203 2962 1229 3032 1,
1248 2960 1294 3020 12.
1311 2953 1440 3036 Theogn·

341 3059 419 3120 1389
442 3055 548 3139 [mp.]).

400 3167 541 3234 Tantum
569 3167 714 3255 Theogn.
743 3175 804 3237 426
831 3191 892 3256 pro
921 3164 1044 3234 ἐσιδεῖν
1073 3169 1194 3258 optime
1222 3169 1353 3235 firmato
1372 3183 1440 3232 unus

339 3269 410 3336 cod.
430 3269 523 3335 Vrat.
549 3267 642 3333 Sexti
670 3267 766 3356 Emp.
788 3261 893 3332 ἰδέειν
919 3267 1019 3336 habet
1048 3277 1079 3334 et
1100 3268 1248 3356 Theogn.
1277 3274 1371 3352 1199,
1396 3262 1441 3330 ubi

339 3439 549 3450 ——-—-

289 3607 292 3614 ,
405 3556 432 3620 3)
449 3550 484 3606 Ιιι
507 3551 599 3608 verbis
624 3555 745 3620 (secutus
771 3569 832 3607 sum
857 3551 954 3608 Seberi
978 3552 1086 3606 lexicon
1108 3552 1312 3619 Homericum:
1337 3551 1440 3617 βαλέειν,

338 3637 492 3710 ἐμβαλέειν,
510 3636 708 3708 ὑπερβαλέειν)
718 3638 849 3707 δακέειν)
862 3637 1090 3710 παραδραθέειν)
1106 3638 1207 3703 ἑλέειν)
1220 3639 1351 3701 θανέειν)
1367 3632 1441 3698 ὑπερ·

338 3726 470 3794 εναρέειν)
485 3721 630 3787 εἰσιδέειν,
651 3722 754 3790 ἰδέειν)
779 3724 956 3792 καλλιπέειν)
983 3722 1139 3784 ἐκπεσέειν,
1166 3723 1298 3786 πεσέειν)
1323 3719 1441 3776 παθέειν)

339 3811 445 3874 πιέειν)
470 3805 676 3874 διαπραθέειν)
705 3805 884 3878 ἀνσχεθέειν,
912 3810 1057 3878 σχεθέειν)
1084 3805 1247 3876 έκφνγέειν,
1274 3802 1442 3874 παρφνγέἒνέι

337 3887 535 3960 ὑπεκφυγέειν,
560 3895 692 3960 φυγέειν)
711 3891 804 3958 (κατα)
813 3893 946 3962 φαγέειν)
973 3889 1163 3961 πεφραδέειν)
1189 3891 1321 3961 ταμέειν)
1340 3886 1442 3944 τεκέειν)

335 3972 460 4042 χαδέειν.
492 3989 609 4043 quonum
632 3976 663 4028 10
686 3972 716 4026 in
737 3977 763 4028 2.
781 3973 849 4043 arsi,
876 3977 906 4028 31
925 3973 955 4026 in
974 3977 998 4031 3.
1017 3990 1055 4043 a,
1083 3977 1116 4027 47
1134 3971 1164 4026 in
1181 3977 1206 4028 4.
1224 3987 1264 4040 a,
1292 3973 1323 4024 14
1340 3968 1369 4022 in
1385 3971 1404 4020 5.
1421 3976 1440 4015 ε.

339 4060 477 4126 apparent
494 4058 521 4124 (λ
537 4061 587 4114 232
607 4060 705 4121 πιέειν,
723 4056 753 4110 in
771 4062 794 4112 3.
813 4075 847 4128 a,
866 4057 984 4113 Seberus
1001 4057 1112 4124 omisit).

407 4143 432 4209 6)
454 4140 484 4194 in
501 4139 594 4194 verbis
613 4141 771 4212 compositis
787 4142 1005 4216 praepositiones
1023 4157 1080 4197 non
1097 4139 1219 4212 ascripsi.
1293 4199 1298 4207 ,
