3008 4968
863 452 924 516 226

397 631 544 696 Primum
567 653 645 716 ergo
667 632 702 696 in
724 631 879 718 stirpibus
907 617 998 706 in'e'e
1035 628 1229 696 exeuntibus
1256 629 1295 707 ¹¹)
1324 631 1437 717 utrique

334 739 468 817 poetae,
500 731 602 796 Ionioi
632 732 852 816 potissimum,
886 752 1014 817 semper
1046 730 1130 812 fere,
1164 728 1348 814 ubicunque
1377 728 1437 793 lieri

335 837 452 916 potest,
475 830 728 894 contractionem
751 829 925 914 neglegere
948 829 1061 895 solent.
1105 827 1180 908 Qua
1208 829 1244 891 in
1272 849 1308 892 re
1329 826 1438 892 faciunt

334 951 407 994 cum
429 928 583 1006 Homero,
602 929 658 1015 qui
675 928 873 1017 plerumque,
897 950 968 993 cum
983 926 1161 1010 Herodoto,
1183 927 1385 1013 Hippocrate
1400 927 1437 1010 Π),

334 1027 451 1092 ceteris
467 1024 681 1115 scriptoribus
699 1028 818 1093 Ionicis
838 1029 885 1110 13),
908 1028 963 1114 qui
980 1048 1106 1112 semper
1121 1026 1295 1112 pristinam
1313 1027 1438 1091 formam

301 1147 303 1150 ·
334 1126 481 1204 offerunt,
503 1136 535 1191 et
556 1128 634 1190 item
655 1148 728 1191 cum
757 1128 889 1214 optimis
910 1125 1028 1190 titulis:
1056 1123 1112 1189 Te.
1133 1131 1223 1192 3044.
1246 1125 1277 1188 Α
1299 1130 1338 1192 38
1361 1116 1438 1210 ἄφα-

333 1219 661 1310 νέας11ὰςσνήλας),
686 1225 817 1312 Olynth.
839 1225 860 1291 l.
876 1232 909 1292 2:
932 1219 1015 1301 ἔτεα,
1037 1223 1057 1289 l.
1073 1229 1092 1290 8
1111 1233 1143 1288 et
1164 1230 1197 1290 9:
1219 1219 1327 1289 τέλεα.
1350 1223 1438 1302 Trall.

333 1330 423 1402 2919,
447 1331 481 1390 11
508 1319 762 1410 αοα1νετέξώλη
785 1313 880 1387 εἶναι.
923 1324 976 1388 De
995 1345 1029 1387 εο
1051 1324 1085 1388 in
1105 1343 1139 1386 εν
1162 1332 1328 1388 contracto
1350 1346 1438 1410 supra

331 1425 362 1504 ἓ.
385 1429 412 1502 8,
437 1432 450 1489 1
475 1424 679 1502 a)tlixin1us.

396 1522 501 1610 Saepe
536 1532 654 1609 potitae
690 1523 826 1608 elegiaci
858 1545 899 1586 ne
931 1531 1082 1609 poterant
1117 1520 1247 1608 quidem
1281 1530 1437 1586 contracta

331 1622 438 1687 forma
460 1623 522 1686 nti:
546 1621 639 1708 Tyrt.
664 1628 710 1698 12,
733 1629 781 1688 21.
802 1621 916 1686 Mimn.
942 1629 987 1702 14,
1009 1625 1037 1686 8.
1062 1620 1127 1686 Sol.
1144 1627 1173 1702 4,
1189 1625 1223 1684 21
1252 1616 1437 1701 δυσμενέων.

331 1719 441 1785 Mimn.
474 1728 500 1799 7,
528 1717 788 1805 3,(1νσηλεγέων.
833 1719 978 1805 Theogn.
1009 1726 1069 1787 870
1089 1715 1325 1800 χαμαιγενέων.
1369 1727 1436 1786 1141

333 1812 504 1902 εὐσεβέων.
547 1826 607 1887 406
630 1811 810 1902 εὐμαρέως.
833 1857 870 1866 -
896 1819 988 1905 Tyrt.
1015 1825 1059 1896 12,
1075 1826 1114 1886 35
1135 1813 1341 1903 τανηλεγέος.
1362 1819 1436 1882 Xen.

332 1926 398 1998 3,1
425 1911 627 2006 ἀνωφελέας.
672 1919 819 2004 Theogn.
852 1923 909 1986 184
931 1909 1093 1999 aiycve'ug.
1134 1916 1320 1982 Accedunt:
1348 1918 1435 1982 Arch.

331 2017 370 2084 el.
393 2025 426 2098 4,
448 2025 482 2086 3:
504 2012 638 2102 ξιφέων.
682 2017 774 2103 Tyrt.
804 2025 856 2100 11,
879 2024 933 2085 34:
963 2009 1085 2100 ξίφεος.
1130 2015 1257 2095 Quibus
1278 2040 1320 2081 ex
1341 2039 1435 2081 exem-

330 2117 395 2204 plis
416 2116 497 2182 nihil
518 2115 681 2181 discimus.

325 2271 327 2274 .
393 2215 517 2282 Contra
538 2217 670 2280 maioris
691 2216 844 2280 momenti
865 2225 940 2278 sunt
959 2212 1033 2296 loci,
1048 2213 1105 2278 ubi
1126 2215 1266 2301 pristina
1286 2214 1390 2279 forma
1408 2215 1434 2277 in

331 2317 428 2380 tertia
450 2314 534 2379 thesi
557 2315 752 2401 pentametri
776 2315 845 2378 sive
867 2315 959 2378 initio
983 2311 1116 2376 alterius
1139 2311 1324 2376 hemistichi
1344 2323 1434 2376 metro

333 2413 518 2500 postulante
539 2413 647 2499 posita
669 2421 731 2476 est:
755 2412 820 2478 Sol.
843 2420 871 2492 4,
893 2418 921 2480 8.
944 2417 992 2487 21,
1013 2417 1045 2476 2:
1067 2403 1179 2492 ἄλγεα.
1204 2418 1237 2488 4,
1264 2417 1304 2480 36
1326 2403 1432 2474 ἄνθεα.

332 2511 478 2597 Theogn.
500 2515 560 2580 388
583 2501 710 2588 αἴσχεα,
737 2517 813 2577 1252
833 2516 922 2597 (inp.)
945 2501 1059 2575 ἄλσεα.
1073 2547 1115 2557 -
1131 2509 1282 2597 Xenoph.
1307 2503 1435 2594 1661-

330 2611 421 2684 θεας.
475 2609 593 2674 Melius
626 2611 767 2675 cernitur
800 2610 1016 2695 elegiacorum
1046 2609 1245 2693 consuetudo
1279 2612 1325 2675 eis
1358 2609 1434 2684 locis,
1492 2683 1493 2698 ἶ

331 2709 447 2795 quibus
471 2710 582 2795 stirpis
605 2709 719 2775 ultima
739 2709 862 2774 vocalis
886 2710 920 2772 in
943 2709 1027 2772 thesi
1051 2708 1209 2773 collocata
1232 2719 1282 2773 est
1302 2709 1388 2774 nulla
1406 2729 1434 2771 re

330 2817 479 2893 cogente:
509 2807 602 2895 Tyrt.
623 2817 656 2888 5,
678 2815 697 2877 8
720 2801 834 2891 ὀρέων.
880 2816 932 2884 11,
954 2813 993 2875 28
1020 2802 1155 2890 βελέων.
1199 2807 1313 2873 Mimn.
1338 2813 1431 2885 12,11

330 2897 443 2985 ὀχέων.
487 2905 827 2994 εο113,14νεφέων.
871 2906 1103 2992 Theognuss.
1122 2913 1200 2975 1334
1222 2912 1314 2995 (mp.)
1330 2903 1432 2971 ἐπέων.

331 3011 410 3072 1292
432 3011 521 3092 (mp.)
543 2997 655 3090 ὀρέων.
699 3014 738 3076 46
760 3000 905 3087 κράτεος.

391 3103 465 3168 Ηοα
489 3106 586 3170 etiam
599 3107 705 3190 magis
720 3106 808 3170 valet
828 3107 862 3168 in
885 3101 995 3188 ampla
1017 3090 1241 3194 exemplorum
1264 3109 1365 3194 copia,
1385 3105 1431 3168 ubi

328 3202 451 3268 vocalis
481 3204 594 3292 stirpis
622 3203 736 3270 ultima
759 3216 792 3268 et
814 3203 1050 3268 terminationis
1072 3204 1106 3266 in
1127 3203 1211 3268 thesi
1235 3205 1431 3270 colliduntur:

1226 3399 1228 3402 -
1491 3351 1492 3424 l

399 3454 440 3519 11)
461 3451 649 3506 Substantivis
667 3454 696 3506 et
715 3450 865 3519 adiectione,
884 3464 955 3520 quae
972 3448 1027 3502 huc
1049 3454 1184 3520 spectant,
1203 3451 1299 3506 addidi
1315 3449 1432 3504 adverbia
1491 3427 1492 3503 l

327 3534 526 3590 adiectivorum
543 3535 572 3588 in
590 3558 631 3605 ης,
649 3551 720 3606 quae
738 3533 960 3588 terminationem
982 3554 1019 3596 ως
1036 3533 1148 3589 habent.

323 3670 326 3680 ,
395 3621 437 3686 12)
455 3617 500 3672 Ita
516 3619 666 3673 sescenties
684 3619 809 3672 invenies
827 3617 930 3672 formas
949 3615 978 3668 in
998 3625 1032 3684 εἳ,
1052 3635 1092 3681 ea,
1112 3637 1160 3680 εας
1178 3623 1319 3674 exeuntes.

395 3704 436 3770 13)
454 3701 545 3756 Locos
563 3702 607 3756 hic
630 3703 717 3757 habes
740 3705 769 3756 in
788 3719 874 3756 unum
900 3705 1079 3769 conspectum
1095 3700 1234 3754 redactos:
1260 3702 1372 3756 Hecat.
1391 3701 1429 3752 111

325 3783 417 3857 οὔρεα.
436 3788 485 3838 332
506 3785 620 3853 ἀληθέα.
642 3786 730 3840 Gtes.
745 3791 775 3840 21
796 3787 890 3846 ἐτέων,
907 3784 1054 3855 Ἡρακλέα.
1072 3785 1272 3856 Anaxagor.
1298 3790 1309 3840 l
1329 3780 1429 3852 πλήθεϊ,

324 3867 457 3939 μεγάθεϊ.
483 3868 581 3940 Diog.
602 3874 619 3923 4
638 3869 794 3942 ἐμφανέως.
825 3869 1004 3938 turpentes.
1031 3867 1155 3922 Meliss.
1180 3872 1210 3922 11
1231 3869 1316 3923 εἴδεα.
1340 3867 1428 3920 Hero·
1490 3907 1491 3938 ;

325 3950 396 4005 elit.
416 3955 427 4005 1
448 3951 547 4007 lutros.
582 3957 612 4006 13
632 3952 803 4024 sclopano.
836 3955 869 4008 96
887 3955 921 4005 τὰ
939 3951 1059 4022 ἀφανέα.
1091 3950 1276 4008 Democrit.
1295 3949 1384 4006 moral.
1404 3951 1428 4000 13
1490 3967 1491 4025 ρ

325 4034 479 4106 ἀνωφελέα.
517 4040 548 4090 18
566 4036 735 4107 διαπρεπέα.
772 4039 805 4090 36
824 4035 971 4104 arraona.
1008 4039 1040 4088 58
1061 4033 1198 4106 ἀσφαλέα.
1230 4040 1263 4092 211
1281 4034 1420 4092 εὐσταθέες

325 4121 373 4172 152
392 4120 544 4188 ξυγγενέες.
580 4123 630 4174 226
648 4119 769 4190 stuvene.
