3148 4958
871 449 891 514 θ

323 657 379 700 sae
400 632 539 699 orationi
560 632 718 698 convenit.
763 631 832 696 Nec
850 639 959 694 tamen
975 628 1109 696 dubium
1133 651 1205 694 esse
1226 636 1341 713 potest,
1363 629 1441 714 quin

323 735 457 820 propria
480 731 780 818 patronymicorum
805 732 894 795 notio
924 731 1033 814 priore
1059 737 1205 814 tempore
1235 729 1269 792 in
1299 729 1440 792 omnium

323 856 392 913 usu,
416 855 480 897 non
500 839 669 917 poctarum
691 839 826 912 tantum,
846 830 951 894 fuerit.
987 827 1084 909 Quod
1105 849 1170 892 non
1191 826 1295 891 solum
1318 850 1359 892 ex
1381 851 1441 892 usu

323 931 436 1018 gentili
460 931 517 996 sed
539 931 636 994 otiam
659 951 701 994 ex
723 951 759 994 eo
782 938 930 1016 apparet,
954 928 1041 1016 quod
1057 925 1217 1011 permulta
1235 935 1365 990 exstant
1386 949 1441 992 an·

324 1031 515 1117 dronymica
535 1030 661 1094 ratione
681 1030 981 1114 patronymicorum
1001 1029 1143 1092 formata
1155 1017 1443 1110 ιιῐἈγαθαρχίόης

323 1122 552 1210 Λεωτυχίδας,
571 1127 644 1194 alia.
688 1127 814 1207 Quodsi
827 1127 1102 1214 patronymicain
1114 1127 1277 1190 communi
1296 1148 1443 1192 sermone

323 1253 388 1296 non
409 1233 530 1294 usitata
551 1228 704 1309 fuissent,
731 1251 897 1316 nunquam
926 1249 967 1292 ex
994 1229 1034 1292 iis
1057 1225 1292 1310 andronymica
1306 1227 1329 1304 ¹)
1356 1226 1446 1308 facta¹

323 1337 439 1394 essent.
484 1327 566 1392 Sunt
583 1327 684 1412 igitur
706 1327 785 1390 satis
812 1327 914 1392 multa
940 1327 1241 1413 patronymicorum
1262 1324 1441 1390 formarum

323 1426 484 1513 exempla,
505 1425 698 1514 quibuscum
719 1425 881 1507 formatio,
903 1449 1002 1513 quam
1022 1435 1138 1512 poetae
1157 1427 1191 1490 in
1204 1427 1443 1512 patronymicis

323 1525 481 1592 faciendis
504 1527 654 1606 inierunt,
678 1526 862 1610 comparari
884 1527 996 1610 possit.

336 1693 339 1699 ,
406 1625 592 1712 Antequam
614 1631 722 1688 autem
744 1623 829 1688 hano
850 1624 956 1711 ipsam
980 1634 1150 1711 poetarum
1161 1623 1384 1690 formationem
1397 1625 1444 1688 in·

251 1728 253 1732 ’
325 1727 504 1813 quiramus,
528 1723 569 1788 de
592 1723 757 1806 origine
780 1721 828 1784 dot
850 1723 994 1788 suffixi
1013 1723 1232 1810 patronymioi
1247 1723 1359 1808 paucis
1380 1723 1444 1788 dis-

324 1845 432 1888 serere
453 1830 610 1909 oporteat.
1258 1891 1267 1909 ι

385 1926 415 2005 ἓ.
438 1927 466 1990 8.
506 1920 557 1986 Ac
594 1941 699 2008 prope
726 1941 836 1986 omnes
869 1920 1000 2008 quidem
1026 1919 1114 1986 docti
1139 1921 1303 2003 homines,
1332 1923 1388 2010 qui
1411 1925 1444 1986 in

327 2022 557 2108 grammatices
585 2020 829 2106 comparativae
856 2019 972 2086 studiis
993 2022 1116 2086 versati
1138 2020 1178 2086 de
1199 2020 1330 2106 linguae
1351 2045 1443 2106 grac-

331 2144 390 2188 oae
409 2121 523 2187 formis
544 2120 754 2205 scripserunt,
777 2119 817 2182 de
839 2118 936 2206 hujus
953 2119 1061 2186 suffixi
1077 2121 1202 2206 origine
1220 2122 1305 2188 iuter
1326 2143 1362 2188 se
1380 2120 1445 2186 dis·

324 2229 459 2308 crepant
485 2219 605 2306 aliique
632 2216 730 2282 aliam
759 2218 961 2304 protulerunt
980 2221 1187 2302 sententiam
1221 2243 1304 2308 quae
1337 2223 1445 2308 cnjus·

323 2341 386 2408 que
407 2321 450 2384 sit
469 2318 603 2404 longum
623 2325 672 2382 est
695 2339 894 2382 enumerare.

408 2417 618 2505 Scripserunt
639 2423 748 2480 autem
769 2415 886 2482 dehac
901 2439 937 2480 re
956 2417 1014 2480 Bo
1024 2418 1144 2502 ppius
1168 2418 1281 2504 (vergl.
1299 2417 1445 2485 Gramm.

322 2519 370 2584 111
392 2515 522 2604 §.955),
543 2516 709 2581 Pottius
732 2513 920 2602 (etymolog.
930 2515 1165 2601 Forsohungen
1176 2517 1225 2582 11²
1239 2523 1338 2603 p881
1355 2527 1444 2606 seq),

322 2617 425 2682 Ebel
446 2615 574 2691 (Kuhns
596 2615 755 2682 Zeitschr.
775 2615 839 2698 IV,
862 2639 895 2702 p.
918 2621 1001 2698 334),
1023 2615 1184 2702 Benfey
1206 2617 1333 2693 (Kuhns
1356 2619 1442 2683 Zeit-

322 2717 406 2798 schr.
430 2715 501 2798 VII,
514 2739 546 2802 p.
566 2721 645 2798 125),
667 2714 833 2780 Budenz
856 2714 928 2792 (das
944 2713 1050 2779 Suffix
1069 2709 1128 2790 κός
1149 2709 1234 2795 [ικός
1254 2711 1335 2792 ακός
1355 2712 1443 2798 varic]
1468 2789 1471 2793 ,

321 2819 367 2882 im
394 2815 534 2898 Grieoh„
566 2813 713 2900 Gotting.
739 2820 846 2897 1858),
879 2813 1059 2880 Buehler
1081 2814 1153 2892 (das
1176 2816 1297 2902 griseis
1321 2815 1441 2882 Secun-

321 2915 480 2980 darsuffix
500 2936 566 2998 1ης,
590 2913 735 2999 Gomng.
760 2917 864 3000 1858),
886 2914 969 2979 Leo
990 2914 1132 3001 Meyer
1153 2915 1267 3000 (vergl.
1291 2915 1438 2982 Gramm.

321 3014 379 3079 der
401 3013 523 3100 griech.
549 3038 580 3080 u.
602 3013 659 3078 lat
682 3013 757 3100 Spr.
778 3014 821 3096 Π,
843 3037 876 3101 p.
899 3020 989 3097 556),
1019 3011 1059 3081 G.
1083 3014 1255 3081 Curtius
1278 3014 1437 3092 (Grundz.

251 3148 256 3162 »
321 3113 352 3177 d.
374 3113 495 3198 griech.
517 3113 628 3200 Etym.
650 3119 766 3200 psas,
788 3112 904 3192 1111).
946 3113 1108 3198 Equidem
1132 3113 1243 3180 Curtio
1265 3115 1441 3180 assentien-

321 3212 398 3278 dum
422 3236 494 3278 esse
515 3235 647 3296 censeo,
679 3215 735 3298 qui
757 3211 800 3275 do
822 3212 974 3278 suffixum
1004 3235 1158 3298 graecum
1185 3235 1227 3278 ex
1248 3221 1290 3292 jo
1322 3214 1441 3280 suffixo

319 3311 585 3396 indegermanico
607 3321 711 3378 ortum
740 3333 812 3378 esse
838 3309 1009 3376 contendit.
1053 3313 1224 3393 Quomodo
1254 3315 1339 3380 enim
1365 3323 1443 3394 exj

320 3411 466 3496 spirante
486 3409 507 3473 d
527 3413 621 3499 quasi
641 3413 819 3498 parasitica
836 3412 963 3476 ratione
984 3411 1117 3498 prodire
1139 3422 1260 3499 posset,
1283 3413 1441 3503 exemplis

321 3531 395 3574 oum
408 3531 426 3573 e
440 3512 583 3574 romanis
596 3510 715 3596 linguis
730 3521 800 3576 tum
814 3533 857 3576 ex
870 3512 944 3598 ipsa
959 3533 1079 3597 graeca
1097 3512 1210 3598 lingua
1231 3512 1339 3580 allatis
1361 3515 1441 3580 satis

320 3607 560 3700 demonstrasse
596 3609 675 3676 mihi
705 3610 843 3676 videtur.
887 3611 994 3691 Quam
1027 3615 1220 3676 sententiam
1250 3614 1277 3676 si
1309 3612 1440 3700 probes,

348 3903 357 3916 ·
389 3873 413 3940 1)
431 3872 629 3942 Patronymica
646 3871 775 3927 facillime
792 3871 855 3927 fieri
880 3891 961 3944 posse
974 3875 1174 3945 andronymica
1192 3875 1329 3929 neminem
1341 3873 1440 3946 fugiet.

174 3980 178 3988 ·
243 3994 250 4008 .
318 3955 348 4010 si
365 3954 426 4026 quis
444 3956 517 4008 enim
534 3957 623 4028 magis
639 3957 831 4026 patronymico
850 3975 933 4029 quam
950 3961 1060 4013 nomine
1079 3958 1132 4012 sibi
1147 3960 1260 4030 proprio
1272 3959 1439 4030 appellatur,

318 4040 540 4108 patronymicum
563 4041 698 4110 paulatim
715 4041 817 4095 amittit
833 4042 888 4096 vim
905 4043 1125 4113 patronymicum
1148 4048 1232 4113 atque
1249 4041 1281 4094 fit
1299 4043 1439 4114 androny-

318 4123 428 4194 micum,
449 4123 522 4196 quod
541 4124 641 4178 deinde
658 4124 719 4178 aliie
741 4141 851 4201 quoque
868 4127 973 4200 imponi
989 4131 1089 4198 potest.
