3034 4964
856 465 897 526 54

774 545 982 559 m

323 641 418 708 simul
439 641 552 718 elucet
575 651 697 729 quanta
718 643 912 708 necessitate
926 640 1110 727 Theognidi
1131 663 1234 728 supra
1254 661 1312 727 pro
1333 627 1419 720 circeo:

321 736 426 822 ἔταμεν
447 740 692 807 restituerimus.
1316 807 1318 811 ,

382 839 522 926 Propter
543 841 679 906 Homeri
702 851 733 906 et
754 839 843 906 ladis
871 837 1136 906 consuetudinem
1166 837 1418 926 aeque'Theogn.

324 945 401 1008 1380
424 944 505 1026 (mp)
529 931 575 1002 ὢν
596 938 817 1005 damnandum
840 948 897 1004 est.

1500 939 1505 1003 1

383 1037 534 1125 Denique
555 1039 674 1124 legitur
695 1039 758 1106 Sol.
781 1047 810 1122 4,
831 1043 850 1104 9
873 1031 1071 1146 παρσυὶεκαςῃ
1087 1029 1302 1125 εὐφροσύνας.
1330 1034 1421 1116 Quam
1499 1105 1503 1139 Ι,

321 1146 460 1211 formam
483 1144 601 1212 falsam
623 1169 695 1212 esse
716 1157 812 1233 atque
840 1146 875 1210 in
895 1141 1088 1230 παρεσύσας
1103 1144 1114 1231 ΙΙ
1128 1144 1317 1210 mutandam
1337 1141 1422 1207 titulis
1500 1155 1504 1233 f

321 1243 440 1310 Atticis
475 1245 604 1332 quidem
637 1244 852 1311 demonstrari
886 1267 950 1312 non
981 1253 1102 1332 potest3
1138 1243 1195 1309 sed
1226 1253 1334 1309 tamen
1362 1265 1421 1306 cum

322 1345 475 1410 universa
496 1345 659 1432 antiquior
681 1344 792 1431 liugos
805 1381 847 1392 -
861 1343 996 1410 Aeolica
1011 1344 1149 1410 dialecto
1165 1367 1231 1410 non
1246 1353 1380 1430 excepta
1391 1377 1421 1388 -
1500 1339 1504 1386 t

324 1444 436 1530 stirpis
468 1465 483 1506 ε
514 1445 709 1526 servaverit,
741 1445 810 1508 veri
843 1441 1001 1510 dissimile
1027 1453 1093 1521 est,
1123 1443 1184 1508 hoc
1215 1444 1283 1507 iam
1312 1440 1421 1506 Solonis

323 1551 429 1608 aetate
451 1542 613 1608 obiectum
633 1543 734 1608 fuisse
754 1543 788 1608 in
809 1540 922 1606 Attica
942 1541 1089 1610 dialecto.

384 1641 544 1707 Futurum
564 1651 599 1706 ut
622 1642 711 1730 apud
732 1641 911 1707 Homerum
934 1652 1042 1708 sonet:

385 1734 505 1822 ἔσομαι
528 1739 672 1827 Theogn.
697 1745 765 1807 872.
789 1745 858 1810 878.
880 1735 957 1828 ἔσσῃ
978 1747 1047 1810 239.
1071 1746 1141 1808 252.
1164 1733 1256 1812 ἔσεαι
1278 1747 1338 1812 884
1356 1734 1422 1826 (ἔσῃ)

326 1844 626 1928 1106.1242(σ]Ρ).
659 1834 789 1904 ἔσσεται
816 1841 915 1906 Aroh.
939 1840 978 1906 el.
1010 1848 1044 1923 4,
1066 1845 1096 1907 3.
1125 1838 1205 1906 Gall.
1231 1847 1263 1922 1,
1286 1843 1315 1906 8.
1346 1840 1422 1927 Tyrt.

326 1948 372 2024 10,
395 1947 423 2006 7.
453 1940 598 2027 Theogn.
621 1947 689 2008 801.
716 1944 794 2007 1280
823 1945 902 2028 (mp)
926 1933 1017 2003 ἔσται
1047 1937 1113 2004 Sol.
1137 1945 1185 2021 13,
1209 1945 1259 2008 38.
1293 1939 1422 2024 Theogn.

323 2045 393 2108 659.
419 2045 505 2108 1048.
528 2033 698 2120 ἐσσόμεθα
719 2039 865 2126 Theogn.
882 2043 970 2106 1246.
992 2031 1124 2103 ἔσονται
1139 2037 1287 2125 Theogn.
1307 2037 1423 2118 (Mimo)
1505 2075 1507 2136 3

323 2143 393 2206 877.
416 2131 556 2202 ἔσεσθαι
578 2139 723 2226 Theogn.
748 2144 835 2205 1077.
856 2132 1084 2220 ἐσσομένοισιν
1106 2143 1174 2204 251.

384 2237 438 2305 Ad
460 2238 644 2325 analogiam
666 2238 762 2303 huius
785 2236 901 2303 classis
921 2236 1096 2302 verborum
1125 2237 1219 2302 multi
1240 2237 1350 2304 aoristi
1370 2237 1423 2323 pri·
1508 2323 1509 2330 ἵ

322 2339 436 2420 marii,
459 2360 643 2426 quanquam
666 2338 847 2424 praesentis
870 2337 988 2426 stirpes
1012 2337 1054 2402 ad
1077 2339 1337 2424 coniugationem
1355 2337 1384 2400 in
1402 2357 1422 2396 o

324 2438 496 2523 pertinent,
519 2436 627 2502 vocali
651 2435 840 2524 copulativa
860 2459 925 2504 non
945 2438 1096 2503 instructi
1118 2447 1207 2503 sunt:

385 2529 550 2619 ἕ-βη-νε
570 2535 715 2623 Theogn.
741 2541 821 2604 1136
841 2530 922 2618 ἔβαν
942 2543 970 2606 3.
993 2536 1037 2624 pl.

385 2628 590 2717 sonno:
613 2635 759 2721 Theogn.
780 2641 851 2703 oon.
879 2641 948 2704 rso.
970 2641 1041 2706 sor.
1072 2643 1132 2706 oro
1161 2630 1316 2718 ἐπέγεπο
1342 2627 1423 2706 τέλος

323 2734 424 2814 (Stob.
446 2727 563 2798 ἔπεσεν
582 2731 621 2798 τὸ
641 2730 759 2814 τέλος).
1368 2790 1370 2794 .

385 2827 582 2900 ἐ’-τττα·το
604 2834 681 2900 Sim.
706 2841 754 2918 13,
782 2841 806 2901 l.

386 2921 536 2998 uto-'ot
566 2934 710 3022 Theogn.
739 2942 766 3002 4.
794 2940 840 3002 13.
870 2931 969 3002 Arch.
992 2941 1066 2998 tetr.
1094 2939 1150 3017 75,
1180 2940 1206 2999 1.
1230 2930 1340 2995 siri-te
1367 2928 1421 2995 Sol.

328 3040 534 3219 1343οῆ-οι
558 3132 703 3220 Theogn.
729 3138 807 3201 1237
829 3137 909 3219 (mp)
931 3129 1046 3218 τλῆ-τε
1064 3130 1164 3197 Ατεὴζ
1187 3129 1225 3196 el
1249 3136 1278 3214 9,
1301 3136 1343 3197 10.

387 3233 536 3314 Quorum
554 3233 733 3298 formarum
760 3228 875 3314 κλῦθι,
904 3228 1016 3307 κλῦτε,
1049 3223 1130 3312 ἔβαν
1151 3230 1342 3296 Homericae
1360 3233 1417 3292 sunt

325 3333 422 3410 (haec
446 3333 544 3398 etiem
565 3332 719 3416 Dorica),
747 3323 857 3414 ἔγεντο
885 3353 927 3397 ex
948 3329 1085 3395 Hesiodi
1115 3329 1265 3416 theogon.
1290 3332 1353 3396 199.
1372 3329 1416 3390 705
1481 3409 1490 3434 ⁸

326 3444 456 3518 sumpta
486 3431 633 3514 videtur,
666 3423 788 3494 ἔπτατο
820 3439 991 3517 poetarum
1020 3439 1051 3495 et
1071 3429 1186 3495 Ionum
1204 3429 1347 3516 'proprio
1371 3427 1415 3500 est

199 3581 207 3592 .
323 3528 437 3616 τλῆθι,
458 3529 553 3617 τλῆτε
575 3531 717 3595 maxime
738 3536 919 3616 poetarum.

385 3629 476 3694 Idem
496 3628 669 3695 dicendum
693 3638 742 3693 est
764 3628 804 3693 de
824 3627 875 3693 his
895 3629 1064 3713 perfectis:

389 3734 423 3806 a)
445 3752 583 3817 quorum
606 3730 704 3815 stirps
727 3729 761 3792 in
782 3726 928 3794 vocalem
951 3725 1082 3792 desinit:

386 3823 625 3892 τέ-τλα-θιε
655 3826 800 3914 Theogn.
823 3832 884 3894 696
906 3818 1125 3912 τε-τλα-ίη
1151 3825 1244 3913 Tyrt.
1270 3831 1313 3901 12,
1336 3829 1365 3889 11
1384 3839 1414 3882 ex

325 3927 419 4014 epiea
439 3927 552 4014 lingue
571 3937 712 4014 recepta.

389 4021 600 4092 6εί-6ι-6ι
630 4027 774 4113 Theogn.
810 4031 896 4094 1179.
941 4019 1159 4102 δει-δι-ότες
1191 4017 1331 4110 ἸἾισσςσ
1360 4019 1413 4084 764.

326 4125 450 4193 Contra
467 4128 568 4193 habes
591 4123 729 4192 δέδοικα
751 4132 799 4195 39.
822 4133 892 4196 780.
911 4131 982 4194 818.
