3034 4964
864 469 904 536 58

243 662 246 668 ’
325 651 353 716 si
374 649 553 718 Homerum
576 649 667 734 sequi
688 647 859 731 voluisset,
886 645 1017 714 Aeolica
1039 639 1189 730 σισύραν
1209 647 1330 731 dicere,
1359 671 1418 714 cun

323 742 490 833 τεσσάρων
511 746 563 812 vel
585 748 692 834 potius
713 743 875 834 τεσσέρων
886 749 997 814 Ionica
1011 747 1116 813 forma
1131 757 1234 814 metro
1247 747 1329 822 nulle
1339 747 1419 814 modo
1505 797 1506 802 η

325 847 476 932 subiungi
497 856 616 935 posset.
660 846 814 913 Attamen
841 849 908 914 iam
928 847 1109 930 Hesiodus,
1142 849 1233 913 cuius
1262 849 1362 934 potuis
1380 849 1419 912 in·

324 947 457 1035 genium
480 944 656 1012 admodum
678 957 851 1034 cognatum
871 956 919 1012 est
941 969 1016 1014 cum
1036 945 1247 1033 Phoeylidea‚
1269 947 1421 1033 usurpavit

325 1069 378 1135 op.
400 1051 460 1115 698
488 1040 614 1127 cleopa
659 1045 812 1113 Ceterum
833 1045 1093 1129 animadvertas,
1122 1047 1263 1112 formam
1284 1045 1422 1111 Doricam

326 1169 400 1211 cum
419 1146 531 1212 Ionica
552 1167 617 1210 non
634 1155 702 1210 tam
724 1145 857 1212 differre
878 1167 977 1232 quam
989 1143 1165 1211 Aeolicam
1209 1145 1339 1212 Summo
1356 1167 1422 1210 vero

325 1247 395 1310 iure
416 1246 521 1310 forma
535 1243 671 1310 Aeolica
692 1235 875 1327 ὀσσόμενος
895 1243 1045 1332 Xenoph.
1071 1252 1097 1328 1,
1119 1252 1138 1313 6
1162 1247 1275 1333 spuria
1295 1244 1423 1326 habetur,

325 1346 478 1432 quoniam
499 1367 633 1431 prorsus
652 1365 716 1410 non
737 1354 838 1432 patet,
862 1367 920 1410 cur
941 1353 1039 1430 poeta
1055 1345 1182 1410 lonicus
1204 1337 1361 1426 ὀζόμενος
1372 1344 1424 1409 for·
1503 1439 1504 1442 ¹

327 1466 414 1508 mam
435 1444 557 1508 reicere
576 1443 723 1509 voluerit.

1500 1295 1504 1376 l

388 1541 422 1618 b)
444 1541 624 1628 Tyrtaeum
638 1579 679 1592 -·
694 1545 786 1610 cuius
806 1542 987 1608 embateria
1008 1565 1094 1608 nunc
1114 1545 1216 1614 missa
1237 1543 1340 1608 facias
1354 1551 1426 1606 -et
1501 1597 1504 1630 ,

327 1640 552 1728 Theognidem
588 1643 621 1706 in
659 1642 761 1711 multo
792 1641 940 1730 plurimis
972 1642 1070 1708 rebus
1102 1641 1278 1708 dialectum
1316 1643 1427 1730 epicam
1503 1649 1504 1719 ᾗ

328 1741 530 1828 (elegiacam)
553 1743 756 1828 expressisse
779 1741 955 1808 secundum
978 1763 1018 1808 ea
1040 1763 1124 1830 quae
1145 1741 1312 1830 hucusque
1334 1742 1426 1828 dispu-
1504 1795 1505 1798 η

327 1841 484 1924 lavimus,
513 1849 664 1908 constare
690 1841 829 1908 videtur.
873 1839 1111 1908 Tantummodo
1136 1841 1286 1906 relictum
1317 1851 1377 1924 est,
1400 1848 1429 1904 ut
1504 1831 1505 1894 l

327 1962 431 2026 meam
454 1940 663 2024 sententiam,
700 1943 815 2029 paucis
837 1940 971 2020 vocibus
1003 1941 1150 2028 exeeptis
1181 1941 1285 2010 solam
1317 1943 1429 2028 epicam

327 2037 530 2125 (elegiacam)
553 2041 712 2108 rationem
733 2063 753 2108 a
774 2043 880 2129 poetis
902 2041 1081 2127 profectam
1096 2063 1176 2124 esse,
1197 2063 1263 2108 non
1276 2041 1429 2120 Doricam,

327 2160 412 2226 quae
433 2161 496 2203 cum
516 2144 638 2223 culpari
669 2153 830 2225 conpraot,
863 2139 1053 2206 certioribus
1082 2141 1282 2225 argumentis
1313 2139 1427 2206 demon·

328 2247 436 2305 strem.
472 2239 618 2306 Maxime
640 2249 747 2306 autem
770 2239 889 2305 dubiae
910 2237 1106 2304 videbantur
1126 2238 1303 2306 verborum
1323 2241 1431 2306 formae

329 2347 528 2424 contractae,
567 2339 683 2427 Itaque
716 2339 760 2405 ad
791 2361 860 2404 rem
895 2337 1123 2406 illustrandam
1155 2360 1276 2424 operae
1306 2339 1431 2427 pretium

328 2437 399 2520 erit,
422 2437 566 2524 singulas
587 2441 823 2505 contractiones
845 2461 1044 2521 enumerare,
1066 2460 1149 2523 quae
1173 2439 1208 2502 in
1227 2437 1363 2504 dialecto
1376 2437 1431 2502 Do

329 2539 399 2602 rica
421 2535 571 2602 diversae
590 2547 665 2603 sunt
684 2538 727 2604 ab
745 2538 839 2616 Iade,
868 2560 965 2625 quam
988 2547 1105 2624 poetae
1128 2537 1322 2626 plerumque
1342 2536 1431 2604 secuti

330 2645 412 2702 sunt
453 2635 561 2724 Atque
584 2637 775 2726 ecquidem
803 2647 836 2704 et
863 2660 905 2724 αη
926 2639 960 2724 in
981 2637 1094 2722 elegiis
1118 2659 1183 2702 non
1204 2635 1329 2702 Dorico
1356 2657 1433 2702 more
1507 2691 1508 2696 ,

327 2738 362 2804 in
384 2745 622 2821 econtractum
642 2746 700 2820 est,
723 2737 782 2804 sed
802 2739 836 2802 in
858 2757 889 2819 α,
911 2759 1016 2824 neque
1031 2757 1084 2819 αο,
1103 2757 1155 2799 aar
1176 2737 1211 2802 in
1225 2757 1258 2813 α,
1282 2735 1434 2813 sedine3

329 2835 446 2902 deinde
468 2845 584 2923 poetae
605 2837 699 2903 verbi
719 2837 828 2924 gratia
853 2837 887 2902 in
908 2835 1018 2914 verbis
1039 2837 1074 2901 in
1093 2856 1140 2899 οω
1163 2835 1358 2902 exeuntibus
1379 2857 1434 2902 non

330 2931 442 3002 dicunt
456 2926 556 3019 ἀρῶν,
571 2937 645 3020 σαῷ
659 2945 730 3018 etc,
746 2935 804 3001 sed
818 2935 927 3001 lonioe
942 2926 1052 3018 ἀροῦν,
1068 2935 1147 2999 occi
1161 2944 1238 3020 στα,
1260 2935 1434 3024 deniquein

329 3036 543 3112 coniunctivis
565 3035 801 3122 coniugationis
827 3035 862 3098 in
882 3055 923 3114 μι
947 3036 1058 3124 stirpis
1085 3035 1231 3108 vocalem
1263 3058 1285 3098 α
1308 3057 1377 3102 curn
1396 3055 1435 3100 se

329 3137 439 3223 quenti
456 3157 557 3222 cnon
565 3133 687 3201 Dorice
701 3135 900 3224 coniungunt
920 3136 955 3200 in
975 3157 997 3198 α
1014 3135 1065 3214 (ol.
1078 3133 1170 3221 τλᾷς,
1191 3131 1265 3222 alpi,
1290 3136 1354 3222 βᾷς
1365 3140 1434 3212 etc).

328 3233 429 3322 Apud
457 3234 636 3322 Tyrtaeum
669 3243 794 3318 autem,
831 3255 905 3302 oum
932 3236 967 3300 in
993 3236 1063 3300 vita
1092 3235 1257 3302 cotidiana
1285 3233 1435 3302 severiore

280 3382 284 3389 ·
328 3333 498 3400 Laconum
515 3333 654 3404 dialecto
668 3343 823 3416 nereus,
847 3333 982 3418 accedit,
1005 3333 1092 3423 quod
1107 3354 1140 3396 ee
1161 3357 1226 3400 non
1246 3335 1282 3400 in
1304 3357 1323 3420 η
1345 3332 1434 3400 coele

328 3442 436 3517 scunt,
459 3432 517 3498 sed
532 3436 567 3499 in
581 3455 622 3518 ει,
645 3453 684 3496 oo
699 3444 732 3500 et
747 3455 784 3498 σε
796 3456 862 3500 non
876 3435 911 3500 in
926 3456 963 3510 ω,
980 3433 1041 3500 sed
1055 3436 1089 3502 in
1104 3455 1143 3498 ov
1157 3432 1209 3510 (ef,
1227 3439 1256 3517 4,
1277 3443 1309 3502 1:
1331 3426 1434 3520 δήμου,

331 3538 378 3617 12,
402 3540 441 3600 40
456 3524 580 3613 αἰδοῦς,
606 3541 652 3617 11,
678 3539 715 3600 13
738 3534 857 3596 cacum
880 3541 954 3618 στα,
975 3543 1088 3600 contra
1108 3532 1228 3600 embat.
1252 3540 1300 3612 15,
1325 3541 1335 3600 1
1361 3540 1435 3600 certe

328 3625 486 3716 Σπάρτας
507 3622 654 3715 adeladem
676 3631 885 3698 scribendum
907 3637 977 3710 est).

390 3731 457 3796 His
475 3732 691 3798 consideratis
712 3733 834 3798 frustra
855 3753 1007 3820 quaeras,
1037 3753 1095 3797 our
1120 3739 1245 3818 poetae.
1267 3741 1390 3798 tantum
1408 3731 1435 3796 in

329 3832 444 3918 paucis
472 3831 538 3898 illis
560 3831 673 3898 formis
699 3832 734 3896 in
763 3852 801 3899 cv
832 3841 903 3918 etp
931 3831 1107 3912 contractis
1125 3831 1284 3898 Doricam
1315 3839 1435 3920 praeter

328 3930 474 3996 lonicam
495 3933 654 3997 rationem
675 3933 878 3999 servaverint
898 3969 940 3996 -,
965 3932 1090 3998 formae
1109 3931 1196 3995 enim
1217 3922 1368 4013 Εὐρώτα,
1400 3925 1434 4011 λῇ

299 4036 389 4093 etc
416 4037 452 4094 ut
478 4031 564 4097 infra
591 4028 777 4098 videbimus
805 4053 871 4096 non
893 4033 926 4096 in
949 4053 1080 4098 censum
1105 4031 1219 4098 venire
1240 4039 1375 4119 possunt
1392 4063 1434 4107 -,

330 4149 387 4192 cur
414 4151 478 4195 non
505 4130 603 4194 etiam
630 4127 947 4208 ceteriadialectum
976 4130 1154 4218 elegiacam
1181 4128 1433 4220 temperaverint.
