3088 4966
631 432 691 494 267

107 618 244 676 aetatem
261 611 316 690 ¹⁹⁸)
353 632 430 676 usus
465 619 514 674 est
553 610 587 674 iu
623 631 769 674 sermone
804 607 931 694 volgari
965 615 1022 672 aut
1055 603 1215 671 vocabulo

105 701 244 792 κοναχός
270 718 326 776 aut
355 709 461 776 forma
490 731 573 796 quae
603 717 717 796 postea
748 707 877 774 demum
897 706 1061 772 exstitisse
1084 703 1213 772 videtur

105 801 317 894 bva69·¹⁹⁰)

145 902 267 985 νιίισς
294 907 372 994 Sup.
396 913 415 976 2
444 912 529 988 (an.).
570 907 606 972 P.
629 911 700 976 279.
729 911 806 991 336.
833 905 920 996 Eur,
946 902 1031 970 Med.
1065 901 1214 978 1122200)

110 1005 216 1088 Quam
238 1005 282 1074 ad
302 1029 449 1072 normam
471 1005 683 1093 corrigendus
705 1004 932 1095 mihividetnr
953 1026 1036 1070 uuus
1059 998 1215 1087 Aeschyli

106 1129 219 1172 versus
241 1105 298 1172 ubi
319 1107 353 1171 iu
374 1105 417 1174 M.
442 1115 491 1172 est
514 1099 624 1190 νήιοςε
648 1105 725 1191 Sup.
749 1111 819 1172 719.

146 1199 372 1288 ναμὲρτεια
403 1204 521 1272 Trach.
556 1211 629 1287 1735
659 1213 860 1290 quapropter
893 1205 990 1270 etiam
1021 1203 1111 1270 Pers.
1143 1206 1215 1268 146.

102 1306 247 1372 Porsono
269 1313 400 1370 auctore
426 1301 633 1372 scribendum
661 1313 709 1368 est
735 1304 888 1389 υαμιρτῆ.
924 1303 965 1369 cf.
986 1300 1131 1389 Hesych.
1156 1321 1213 1362 να-

102 1398 248 1488 μέρτεια,
274 1396 440 1490 ἀλήθεια;
464 1413 496 1468 et
517 1396 690 1486 ναμιρτέα,
714 1393 837 1488 ἀληθῆ.

143 1496 205 1565 νίν
226 1501 417 1590 partioulam
439 1502 615 1568 secundum
633 1501 734 1567 solam
755 1523 963 1578 numerorum
976 1500 1214 1582 necessitatem,

104 1603 281 1668 sententiae
298 1601 385 1668 nullo
408 1601 604 1683 discrimine,
620 1602 773 1688 usurpari
794 1623 853 1688 pro
871 1601 1060 1687 pronomine
1079 1590 1213 1674 αὐτόν,

106 1703 138 1766 in
171 1701 287 1788 volgus
318 1710 431 1766 notum
462 1711 519 1766 est.
567 1699 665 1782 Quod
697 1701 725 1765 si
756 1699 838 1764 bene
866 1699 1121 1781 meminerimus,
1150 1719 1215 1764 non

106 1799 238 1868 difficile
266 1802 329 1866 erit
349 1809 438 1866 recte
466 1799 612 1866 iudicare
639 1799 680 1864 de
701 1799 824 1866 formae
853 1800 966 1886 opicae
993 1819 1064 1879 μιν
1089 1800 1124 1864 in
1150 1805 1215 1862 tra·

103 1900 232 1984 goediis
250 1899 368 1966 Atticis
394 1898 459 1965 fide
488 1909 521 1966 et
545 1899 746 1964 auctoritate.
790 1897 867 1964 Sola
889 1899 976 1964 enim
995 1919 1109 1962 versus
1125 1919 1215 1972 ¹com·

103 1999 243 2066 moditas
266 2001 294 2064 si
312 1998 474 2086 regnabat
492 2000 527 2064 iu
549 1998 599 2064 his
621 1996 729 2081 rebus,
749 2020 813 2062 non
835 1996 1010 2062 verisimile
1031 2005 1080 2064 est
1097 2005 1211 2083 poetas

103 2100 232 2166 tertiam
261 2097 485 2186 adsumpsisse
512 2098 650 2164 formam
679 2119 700 2161 a
722 2118 874 2163 mensura
900 2093 1052 2162 vocabuli
1074 2117 1124 2158 νιν
1149 2118 1213 2162 non
1299 2165 1300 2173 χ

104 2195 325 2282 diversam,-
341 2199 405 2264 nisi
419 2199 446 2262 si
461 2195 634 2282 singularis
650 2195 783 2283 quidam
798 2194 968 2260 accederet
984 2195 1215 2260 sententiarum

105 2296 192 2364 color
216 2307 249 2363 et
270 2297 312 2364 ad
325 2297 462 2364 Homeri
484 2297 663 2364 orationem
683 2297 818 2383 propius
841 2294 1113 2360 accommodatus.
1145 2293 1214 2358 Iam

105 2396 131 2460 si
164 2397 382 2486 paucissimos
410 2395 601 2482 inspicimus
628 2395 707 2470 ¹iilos
739 2395 828 2464 locos
860 2393 916 2460 ubi
943 2393 1099 2460 librorum
1127 2394 1216 2460 testi·

106 2498 213 2562 monio
235 2497 347 2562 nititur
367 2516 441 2576 μινε
889 2552 898 2560 .

143 2595 240 2664 Eum.
261 2602 337 2665 631:
359 2586 429 2660 ἀπὸ
456 2586 627 2675 στρατείας
650 2588 711 2678 γάρ
733 2616 807 2675 μιν
825 2585 1093 2680 ἠμποληκότα...

146 2695 202 2764 Tr.
227 2700 300 2766 388:
325 2689 456 2772 λέξοιεν,
481 2685 517 2758 ei‘
532 2716 605 2773 μιν
626 2691 712 2774 πρὸς
731 2686 810 2776 βίαν
831 2685 953 2777 κρίνειν
974 2686 1103 2768 θέλοις.

145 2793 237 2883 Sept.
252 2799 312 2861 453
328 2799 396 2872 (c.):
419 2795 579 2876 κεραυνοῦ
595 2788 633 2857 δέ
651 2816 725 2875 μιν
743 2788 842 2875 βέλος
862 2786 1051 2869 ἐπισχέθοι.
1135 2815 1140 2826 ·

146 2892 293 2980 Ohoeph.
316 2899 376 2962 620
397 2899 463 2972 (c.):
487 2886 634 2975 κιγχάνει
655 2887 694 2956 δέ
714 2913 786 2973 μιν
803 2886 931 2976 Ἑρμῆς.

145 2993 185 3060 fr.
210 2990 308 3080 Sopb
332 2998 404 3060 164:
425 2984 582 3072 δίπτυχοι
603 2988 664 3075 γὰρ
687 2983 806 3058 ὀδύναι
826 3013 897 3071 μιν
919 2982 1121 3076 ἤρικον101);

146 3090 293 3180 Choeph.
316 3096 455 3171 790(c.):
478 3084 610 3169 ἔλακον,
636 3079 753 3168 eleo,
778 3087 816 3153 σί
837 3111 901 3154 νιν
923 3082 1107 3173 φυλάσσοις
1113 3136 1219 3156 ......

109 3183 185 3256 insi
199 3211 272 3271 μιν
287 3181 549 3272 petrosim...
587 3235 591 3244 .

111 3291 251 3374 primum
265 3288 308 3356 ab
322 3288 540 3356 Eumenidum
562 3298 595 3356 et
611 3289 861 3356 Trachiniarum
874 3287 937 3354 illis
951 3287 1101 3354 versibus
1116 3309 1220 3369 nomo,

109 3391 234 3475 opinor,
258 3387 446 3456 abiudicare
469 3387 633 3456 dubitabit
653 3411 767 3456 vocem
780 3388 1000 3472 Homericam,
1022 3388 1144 3475 quippe
1165 3387 1220 3474 qui

160 3610 218 3675 198)
236 3623 262 3662 v.
281 3605 403 3661 Lobsck.
422 3605 458 3660 ad
474 3605 628 3677 Phryniobi
644 3605 721 3662 illum
738 3607 836 3662 locum.

161 3693 220 3758 199)
237 3689 324 3746 Recte
334 3689 426 3761 igitur
442 3689 525 3746 etiam
542 3689 643 3746 Bacch.
663 3694 720 3748 339.
738 3708 815 3746 nunc
832 3691 957 3746 scribunt
974 3694 1072 3746 contra
1089 3688 1222 3749 librorum

109 3773 300 3830 auctoritatem
316 3779 468 3843 κυναγίαις.

158 3858 219 3927 1110)
236 3875 261 3912 v.
280 3857 404 3913 Lobeck.
423 3857 459 3912 ad
477 3857 582 3928 Phryn.
602 3875 628 3930 p.
648 3863 706 3914 431.

163 3942 223 4010 201)
254 3939 411 3996 Omittimus
430 3940 496 4013 Sup.
514 3943 578 3997 998:
596 3947 683 4009 θῆρες
701 3941 732 3996 δὲ
750 3947 911 4013 κηραίνουσι
930 3943 976 3996 καλ
992 3937 1089 4014 βρόισι
1109 3943 1139 3993 τί
1153 3959 1221 4013 μιν,

110 4021 157 4090 qni
182 4040 277 4081 versus
309 4029 405 4098 aperte
431 4027 576 4097 conuptus
602 4028 651 4080 est.
694 4025 871 4081 Hermannus
901 4043 952 4097 pro
982 4032 1011 4081 τι
1035 4042 1087 4099 μιν
1113 4025 1222 4096 scripsit

112 4109 140 4158 'i
152 4104 230 4179 atvs
