<?xml version="1.0" encoding="UTF-8"?>
<!DOCTYPE html PUBLIC "-//W3C//DTD XHTML 1.0 Transitional//EN"
    "http://www.w3.org/TR/xhtml1/DTD/xhtml1-transitional.dtd">
<html xmlns="http://www.w3.org/1999/xhtml" xml:lang="en" lang="en">
 <head>
  <title>
</title>
<meta http-equiv="Content-Type" content="text/html;charset=utf-8" />
  <meta name='ocr-system' content='tesseract 3.04.00' />
  <meta name='ocr-capabilities' content='ocr_page ocr_carea ocr_par ocr_line ocrx_word'/>
</head>
<body>
  <div class='ocr_page' id='page_1' title='image "./studienzurgriec00vanigoog/studienzurgriec00vanigoog_0556.png"; bbox 0 0 3088 4966; ppageno 0'>
   <div class='ocr_carea' id='block_1_1' title="bbox 855 444 915 507">
    <p class='ocr_par' dir='ltr' id='par_1_1' title="bbox 855 444 915 507">
     <span class='ocr_line' id='line_1_1' title="bbox 855 444 915 507; baseline 0.05 -4"><span class='ocrx_word' id='word_1_1' title='bbox 855 444 915 507; x_wconf 81' lang='lat'><strong>268</strong></span> 
     </span>
    </p>
   </div>
   <div class='ocr_carea' id='block_1_2' title="bbox 325 619 1443 3284">
    <p class='ocr_par' dir='ltr' id='par_1_2' title="bbox 328 619 1437 809">
     <span class='ocr_line' id='line_1_2' title="bbox 328 619 1437 712; baseline 0.005 -29"><span class='ocrx_word' id='word_1_2' title='bbox 328 619 391 683; x_wconf 93' lang='lat' dir='ltr'><strong>loci</strong></span> <span class='ocrx_word' id='word_1_3' title='bbox 414 628 445 684; x_wconf 88' lang='lat' dir='ltr'><strong>et</strong></span> <span class='ocrx_word' id='word_1_4' title='bbox 468 621 532 685; x_wconf 91' lang='lat' dir='ltr'><strong>sint</strong></span> <span class='ocrx_word' id='word_1_5' title='bbox 554 621 774 688; x_wconf 91' lang='lat' dir='ltr'><strong>diverbiorum</strong></span> <span class='ocrx_word' id='word_1_6' title='bbox 795 630 828 687; x_wconf 90' lang='lat' dir='ltr'><strong>et</strong></span> <span class='ocrx_word' id='word_1_7' title='bbox 842 621 883 687; x_wconf 91' lang='lat' dir='ltr'><strong>ab</strong></span> <span class='ocrx_word' id='word_1_8' title='bbox 907 624 996 686; x_wconf 91' lang='lat' dir='ltr'><strong>omni</strong></span> <span class='ocrx_word' id='word_1_9' title='bbox 1018 621 1215 687; x_wconf 80' lang='lat' dir='ltr'><strong>abhorreant</strong></span> <span class='ocrx_word' id='word_1_10' title='bbox 1229 624 1437 712; x_wconf 79' lang='lat' dir='ltr'><strong>exquisitiore</strong></span> 
     </span>
     <span class='ocr_line' id='line_1_3' title="bbox 328 720 1437 809; baseline 0.003 -27"><span class='ocrx_word' id='word_1_11' title='bbox 328 720 484 784; x_wconf 90' lang='lat' dir='ltr'><strong>orationis</strong></span> <span class='ocrx_word' id='word_1_12' title='bbox 502 722 656 806; x_wconf 84' lang='lat' dir='ltr'><strong>speciest</strong></span> <span class='ocrx_word' id='word_1_13' title='bbox 674 722 796 806; x_wconf 81' lang='lat' dir='ltr'><strong>colore3</strong></span> <span class='ocrx_word' id='word_1_14' title='bbox 818 721 875 786; x_wconf 91' lang='lat' dir='ltr'><strong>sed</strong></span> <span class='ocrx_word' id='word_1_15' title='bbox 896 745 937 787; x_wconf 88' lang='lat' dir='ltr'><strong>nc</strong></span> <span class='ocrx_word' id='word_1_16' title='bbox 958 724 1056 786; x_wconf 88' lang='lat' dir='ltr'><strong>ceteri</strong></span> <span class='ocrx_word' id='word_1_17' title='bbox 1078 721 1209 809; x_wconf 92' lang='lat' dir='ltr'><strong>quidem</strong></span> <span class='ocrx_word' id='word_1_18' title='bbox 1231 743 1358 804; x_wconf 89' lang='lat' dir='ltr'><strong>versus,</strong></span> <span class='ocrx_word' id='word_1_19' title='bbox 1380 723 1437 786; x_wconf 85' lang='lat' dir='ltr'><strong>etsi</strong></span> 
     </span>
    </p>

    <p class='ocr_par' dir='ltr' id='par_1_3' title="bbox 327 816 1439 1500">
     <span class='ocr_line' id='line_1_4' title="bbox 328 816 1438 909; baseline 0.004 -29"><span class='ocrx_word' id='word_1_20' title='bbox 328 816 473 906; x_wconf 85' lang='lat' dir='ltr'><strong>plerique</strong></span> <span class='ocrx_word' id='word_1_21' title='bbox 494 828 606 905; x_wconf 87' lang='lat' dir='ltr'><strong>utpote</strong></span> <span class='ocrx_word' id='word_1_22' title='bbox 632 843 650 885; x_wconf 91' lang='lat' dir='ltr'><strong>e</strong></span> <span class='ocrx_word' id='word_1_23' title='bbox 681 823 816 887; x_wconf 88' lang='lat' dir='ltr'><strong>canticis</strong></span> <span class='ocrx_word' id='word_1_24' title='bbox 845 823 965 909; x_wconf 89' lang='lat' dir='ltr'><strong>sumpti</strong></span> <span class='ocrx_word' id='word_1_25' title='bbox 996 822 1119 886; x_wconf 90' lang='lat' dir='ltr'><strong>maiore</strong></span> <span class='ocrx_word' id='word_1_26' title='bbox 1141 821 1314 907; x_wconf 85' lang='lat' dir='ltr'><strong>splendent</strong></span> <span class='ocrx_word' id='word_1_27' title='bbox 1335 822 1438 885; x_wconf 89' lang='lat' dir='ltr'><strong>nitore</strong></span> 
     </span>
     <span class='ocr_line' id='line_1_5' title="bbox 328 919 1437 1008; baseline 0.003 -27"><span class='ocrx_word' id='word_1_28' title='bbox 328 925 359 981; x_wconf 87' lang='grc'><strong>11</strong></span> <span class='ocrx_word' id='word_1_29' title='bbox 379 919 558 1004; x_wconf 84' lang='lat' dir='ltr'><strong>gravitate,</strong></span> <span class='ocrx_word' id='word_1_30' title='bbox 582 919 757 1006; x_wconf 90' lang='lat' dir='ltr'><strong>quidquam</strong></span> <span class='ocrx_word' id='word_1_31' title='bbox 784 919 906 985; x_wconf 89' lang='lat' dir='ltr'><strong>habent</strong></span> <span class='ocrx_word' id='word_1_32' title='bbox 929 919 1098 1006; x_wconf 88' lang='lat' dir='ltr'><strong>dignitatis</strong></span> <span class='ocrx_word' id='word_1_33' title='bbox 1120 921 1247 1006; x_wconf 85' lang='lat' dir='ltr'><strong>spicae,</strong></span> <span class='ocrx_word' id='word_1_34' title='bbox 1270 943 1355 1008; x_wconf 89' lang='lat' dir='ltr'><strong>quac</strong></span> <span class='ocrx_word' id='word_1_35' title='bbox 1379 921 1437 984; x_wconf 91' lang='lat' dir='ltr'><strong>sin·</strong></span> 
     </span>
     <span class='ocr_line' id='line_1_6' title="bbox 327 1015 1438 1107; baseline 0.004 -27"><span class='ocrx_word' id='word_1_36' title='bbox 327 1015 471 1101; x_wconf 82' lang='lat' dir='ltr'><strong>gularcm</strong></span> <span class='ocrx_word' id='word_1_37' title='bbox 510 1017 672 1103; x_wconf 89' lang='lat' dir='ltr'><strong>quandam</strong></span> <span class='ocrx_word' id='word_1_38' title='bbox 708 1021 852 1107; x_wconf 90' lang='lat' dir='ltr'><strong>requirat</strong></span> <span class='ocrx_word' id='word_1_39' title='bbox 891 1041 1003 1085; x_wconf 88' lang='lat' dir='ltr'><strong>vocem</strong></span> <span class='ocrx_word' id='word_1_40' title='bbox 1038 1021 1174 1106; x_wconf 82' lang='lat' dir='ltr'><strong>epicam.</strong></span> <span class='ocrx_word' id='word_1_41' title='bbox 1225 1019 1302 1084; x_wconf 86' lang='lat' dir='ltr'><strong>Iure</strong></span> <span class='ocrx_word' id='word_1_42' title='bbox 1341 1019 1438 1105; x_wconf 82' lang='lat' dir='ltr'><strong>igitur</strong></span> 
     </span>
     <span class='ocr_line' id='line_1_7' title="bbox 327 1117 1438 1204; baseline 0.001 -23"><span class='ocrx_word' id='word_1_43' title='bbox 327 1138 436 1182; x_wconf 87' lang='lat' dir='ltr'><strong>omnes</strong></span> <span class='ocrx_word' id='word_1_44' title='bbox 457 1127 588 1199; x_wconf 79' lang='lat' dir='ltr'><strong>nostrae</strong></span> <span class='ocrx_word' id='word_1_45' title='bbox 615 1118 731 1182; x_wconf 85' lang='lat' dir='ltr'><strong>aetatis</strong></span> <span class='ocrx_word' id='word_1_46' title='bbox 754 1117 894 1184; x_wconf 90' lang='lat' dir='ltr'><strong>editores</strong></span> <span class='ocrx_word' id='word_1_47' title='bbox 921 1119 955 1182; x_wconf 90' lang='lat' dir='ltr'><strong>in</strong></span> <span class='ocrx_word' id='word_1_48' title='bbox 977 1118 1091 1204; x_wconf 89' lang='lat' dir='ltr'><strong>paucis</strong></span> <span class='ocrx_word' id='word_1_49' title='bbox 1114 1117 1177 1182; x_wconf 88' lang='lat' dir='ltr'><strong>illis</strong></span> <span class='ocrx_word' id='word_1_50' title='bbox 1198 1117 1279 1182; x_wconf 86' lang='lat' dir='ltr'><strong>loeis</strong></span> <span class='ocrx_word' id='word_1_51' title='bbox 1303 1141 1365 1204; x_wconf 91' lang='lat' dir='ltr'><strong>pro</strong></span> <span class='ocrx_word' id='word_1_52' title='bbox 1386 1139 1438 1182; x_wconf 88' lang='lat' dir='ltr'><strong>vo·</strong></span> 
     </span>
     <span class='ocr_line' id='line_1_8' title="bbox 327 1215 1438 1304; baseline 0.002 -25"><span class='ocrx_word' id='word_1_53' title='bbox 327 1215 401 1280; x_wconf 90' lang='lat' dir='ltr'><strong>cula</strong></span> <span class='ocrx_word' id='word_1_54' title='bbox 428 1237 488 1295; x_wconf 84' lang='grc' dir='ltr'><strong>μιν</strong></span> <span class='ocrx_word' id='word_1_55' title='bbox 508 1215 666 1280; x_wconf 85' lang='lat' dir='ltr'><strong>Doricam</strong></span> <span class='ocrx_word' id='word_1_56' title='bbox 698 1217 933 1282; x_wconf 82' lang='lat' dir='ltr'><strong>substituerunt</strong></span> <span class='ocrx_word' id='word_1_57' title='bbox 957 1217 1096 1281; x_wconf 87' lang='lat' dir='ltr'><strong>formam</strong></span> <span class='ocrx_word' id='word_1_58' title='bbox 1124 1238 1191 1290; x_wconf 84' lang='grc' dir='ltr'><strong><em>νιν,</em></strong></span> <span class='ocrx_word' id='word_1_59' title='bbox 1226 1239 1310 1304; x_wconf 85' lang='lat' dir='ltr'><strong>qnae</strong></span> <span class='ocrx_word' id='word_1_60' title='bbox 1341 1217 1377 1280; x_wconf 93' lang='lat' dir='ltr'><strong>in</strong></span> <span class='ocrx_word' id='word_1_61' title='bbox 1403 1238 1438 1281; x_wconf 93' lang='lat' dir='ltr'><strong>eo</strong></span> 
     </span>
     <span class='ocr_line' id='line_1_9' title="bbox 328 1314 1439 1402; baseline 0 -24"><span class='ocrx_word' id='word_1_62' title='bbox 328 1314 415 1401; x_wconf 93' lang='lat' dir='ltr'><strong>quod</strong></span> <span class='ocrx_word' id='word_1_63' title='bbox 436 1324 582 1378; x_wconf 87' lang='lat' dir='ltr'><strong>extremo</strong></span> <span class='ocrx_word' id='word_1_64' title='bbox 604 1314 675 1380; x_wconf 91' lang='lat' dir='ltr'><strong>looo</strong></span> <span class='ocrx_word' id='word_1_65' title='bbox 703 1317 870 1402; x_wconf 84' lang='lat' dir='ltr'><strong>posuimus</strong></span> <span class='ocrx_word' id='word_1_66' title='bbox 895 1315 1045 1402; x_wconf 85' lang='lat' dir='ltr'><strong>exemplo</strong></span> <span class='ocrx_word' id='word_1_67' title='bbox 1078 1317 1170 1380; x_wconf 84' lang='lat' dir='ltr'><strong>iuxta</strong></span> <span class='ocrx_word' id='word_1_68' title='bbox 1192 1315 1330 1380; x_wconf 87' lang='lat' dir='ltr'><strong>alteram</strong></span> <span class='ocrx_word' id='word_1_69' title='bbox 1354 1337 1439 1379; x_wconf 88' lang='lat' dir='ltr'><strong>men·</strong></span> 
     </span>
     <span class='ocr_line' id='line_1_10' title="bbox 327 1413 959 1500; baseline 0.002 -22"><span class='ocrx_word' id='word_1_70' title='bbox 327 1413 440 1478; x_wconf 89' lang='lat' dir='ltr'><strong>dosam</strong></span> <span class='ocrx_word' id='word_1_71' title='bbox 462 1415 600 1479; x_wconf 87' lang='lat' dir='ltr'><strong>formam</strong></span> <span class='ocrx_word' id='word_1_72' title='bbox 620 1436 680 1494; x_wconf 85' lang='grc' dir='ltr'><strong>μιν</strong></span> <span class='ocrx_word' id='word_1_73' title='bbox 699 1414 817 1500; x_wconf 82' lang='lat' dir='ltr'><strong>legitur</strong></span> <span class='ocrx_word' id='word_1_74' title='bbox 835 1439 865 1482; x_wconf 83' lang='lat' dir='ltr'><strong>v.</strong></span> <span class='ocrx_word' id='word_1_75' title='bbox 889 1421 959 1484; x_wconf 87' lang='grc'><strong>788.</strong></span> 
     </span>
    </p>

    <p class='ocr_par' dir='ltr' id='par_1_4' title="bbox 368 1505 841 1594">
     <span class='ocr_line' id='line_1_11' title="bbox 368 1505 841 1594; baseline 0.015 -20"><span class='ocrx_word' id='word_1_76' title='bbox 368 1505 555 1594; x_wconf 79' lang='grc' dir='ltr'><strong><em>ποδαγός</em></strong></span> <span class='ocrx_word' id='word_1_77' title='bbox 575 1512 650 1579; x_wconf 84' lang='lat' dir='ltr'><strong>Ant</strong></span> <span class='ocrx_word' id='word_1_78' title='bbox 676 1519 764 1582; x_wconf 84' lang='grc'>1181.</span> <span class='ocrx_word' id='word_1_79' title='bbox 787 1524 841 1581; x_wconf 88' lang='lat' dir='ltr'><strong>ctt.</strong></span> 
     </span>
    </p>

    <p class='ocr_par' dir='ltr' id='par_1_5' title="bbox 326 1605 1443 1777">
     <span class='ocr_line' id='line_1_12' title="bbox 369 1605 1443 1697; baseline 0.001 -24"><span class='ocrx_word' id='word_1_80' title='bbox 369 1605 545 1697; x_wconf 81' lang='grc' dir='ltr'><strong><em>φαεννός</em></strong></span> <span class='ocrx_word' id='word_1_81' title='bbox 574 1610 625 1678; x_wconf 89' lang='lat' dir='ltr'><strong>Ai.</strong></span> <span class='ocrx_word' id='word_1_82' title='bbox 658 1617 727 1681; x_wconf 80' lang='lat'><strong>843.</strong></span> <span class='ocrx_word' id='word_1_83' title='bbox 764 1613 843 1678; x_wconf 79' lang='lat' dir='ltr'><strong>Eur.</strong></span> <span class='ocrx_word' id='word_1_84' title='bbox 878 1613 941 1678; x_wconf 90' lang='lat' dir='ltr'><strong>An.</strong></span> <span class='ocrx_word' id='word_1_85' title='bbox 977 1620 1064 1682; x_wconf 79' lang='lat'><strong>1086.</strong></span> <span class='ocrx_word' id='word_1_86' title='bbox 1098 1619 1187 1680; x_wconf 82' lang='grc'>1146.</span> <span class='ocrx_word' id='word_1_87' title='bbox 1219 1610 1341 1676; x_wconf 87' lang='lat' dir='ltr'><strong>Bacch.</strong></span> <span class='ocrx_word' id='word_1_88' title='bbox 1376 1616 1443 1679; x_wconf 87' lang='grc'>631.</span> 
     </span>
     <span class='ocr_line' id='line_1_13' title="bbox 326 1709 459 1777; baseline 0.023 -3"><span class='ocrx_word' id='word_1_89' title='bbox 326 1709 459 1777; x_wconf 74' lang='grc'>111159.</span> 
     </span>
    </p>

    <p class='ocr_par' dir='ltr' id='par_1_6' title="bbox 325 1808 1443 3284">
     <span class='ocr_line' id='line_1_14' title="bbox 410 1808 1443 1893; baseline 0 -19"><span class='ocrx_word' id='word_1_90' title='bbox 410 1809 503 1874; x_wconf 88' lang='lat' dir='ltr'><strong>Haec</strong></span> <span class='ocrx_word' id='word_1_91' title='bbox 517 1808 678 1875; x_wconf 86' lang='lat' dir='ltr'><strong>vocabula</strong></span> <span class='ocrx_word' id='word_1_92' title='bbox 697 1813 725 1874; x_wconf 94' lang='lat' dir='ltr'><strong>si</strong></span> <span class='ocrx_word' id='word_1_93' title='bbox 740 1809 977 1893; x_wconf 90' lang='lat' dir='ltr'><strong>collustramus,</strong></span> <span class='ocrx_word' id='word_1_94' title='bbox 992 1811 1054 1876; x_wconf 91' lang='lat' dir='ltr'><strong>hoc</strong></span> <span class='ocrx_word' id='word_1_95' title='bbox 1070 1833 1170 1875; x_wconf 87' lang='lat' dir='ltr'><strong>unum</strong></span> <span class='ocrx_word' id='word_1_96' title='bbox 1185 1810 1304 1874; x_wconf 92' lang='lat' dir='ltr'><strong>summi</strong></span> <span class='ocrx_word' id='word_1_97' title='bbox 1318 1817 1370 1874; x_wconf 89' lang='lat' dir='ltr'><strong>est</strong></span> <span class='ocrx_word' id='word_1_98' title='bbox 1382 1831 1443 1874; x_wconf 84' lang='lat' dir='ltr'><strong>mo</strong></span> 
     </span>
     <span class='ocr_line' id='line_1_15' title="bbox 328 1907 1441 1995; baseline -0.003 -21"><span class='ocrx_word' id='word_1_99' title='bbox 328 1910 443 1990; x_wconf 90' lang='lat' dir='ltr'><strong>menti,</strong></span> <span class='ocrx_word' id='word_1_100' title='bbox 475 1909 562 1993; x_wconf 91' lang='lat' dir='ltr'><strong>quod</strong></span> <span class='ocrx_word' id='word_1_101' title='bbox 592 1910 701 1974; x_wconf 88' lang='lat' dir='ltr'><strong>omnia</strong></span> <span class='ocrx_word' id='word_1_102' title='bbox 729 1933 749 1974; x_wconf 92' lang='lat' dir='ltr'><strong>a</strong></span> <span class='ocrx_word' id='word_1_103' title='bbox 782 1909 909 1995; x_wconf 83' lang='lat' dir='ltr'><strong>volgari</strong></span> <span class='ocrx_word' id='word_1_104' title='bbox 931 1910 1173 1975; x_wconf 88' lang='lat' dir='ltr'><strong>Atheniensium</strong></span> <span class='ocrx_word' id='word_1_105' title='bbox 1207 1907 1321 1994; x_wconf 87' lang='lat' dir='ltr'><strong>lingua</strong></span> <span class='ocrx_word' id='word_1_106' title='bbox 1345 1907 1441 1995; x_wconf 87' lang='lat' dir='ltr'><strong>plane</strong></span> 
     </span>
     <span class='ocr_line' id='line_1_16' title="bbox 327 1999 1443 2095; baseline -0.002 -22"><span class='ocrx_word' id='word_1_107' title='bbox 327 1999 517 2090; x_wconf 81' lang='lat' dir='ltr'><strong>abhorreht3</strong></span> <span class='ocrx_word' id='word_1_108' title='bbox 546 2031 646 2094; x_wconf 89' lang='lat' dir='ltr'><strong>pere</strong></span> <span class='ocrx_word' id='word_1_109' title='bbox 653 2010 780 2095; x_wconf 84' lang='lat' dir='ltr'><strong>grina</strong></span> <span class='ocrx_word' id='word_1_110' title='bbox 809 2010 908 2095; x_wconf 81' lang='lat' dir='ltr'><strong>igitur</strong></span> <span class='ocrx_word' id='word_1_111' title='bbox 930 2009 1090 2075; x_wconf 89' lang='lat' dir='ltr'><strong>vocabula</strong></span> <span class='ocrx_word' id='word_1_112' title='bbox 1112 2031 1184 2072; x_wconf 91' lang='lat' dir='ltr'><strong>cum</strong></span> <span class='ocrx_word' id='word_1_113' title='bbox 1206 2016 1323 2094; x_wconf 89' lang='lat' dir='ltr'><strong>poetae</strong></span> <span class='ocrx_word' id='word_1_114' title='bbox 1343 2007 1443 2072; x_wconf 89' lang='lat' dir='ltr'><strong>Attici</strong></span> 
     </span>
     <span class='ocr_line' id='line_1_17' title="bbox 326 2103 1441 2194; baseline -0.002 -21"><span class='ocrx_word' id='word_1_115' title='bbox 326 2111 360 2173; x_wconf 93' lang='lat' dir='ltr'><strong>in</strong></span> <span class='ocrx_word' id='word_1_116' title='bbox 381 2107 510 2172; x_wconf 88' lang='lat' dir='ltr'><strong>fabulas</strong></span> <span class='ocrx_word' id='word_1_117' title='bbox 532 2129 609 2171; x_wconf 90' lang='lat' dir='ltr'><strong>suas</strong></span> <span class='ocrx_word' id='word_1_118' title='bbox 630 2115 841 2194; x_wconf 88' lang='lat' dir='ltr'><strong>receperunt,</strong></span> <span class='ocrx_word' id='word_1_119' title='bbox 862 2131 926 2173; x_wconf 91' lang='lat' dir='ltr'><strong>non</strong></span> <span class='ocrx_word' id='word_1_120' title='bbox 947 2109 982 2172; x_wconf 92' lang='lat' dir='ltr'><strong>in</strong></span> <span class='ocrx_word' id='word_1_121' title='bbox 1006 2131 1084 2174; x_wconf 89' lang='lat' dir='ltr'><strong>suae</strong></span> <span class='ocrx_word' id='word_1_122' title='bbox 1106 2107 1236 2172; x_wconf 89' lang='lat' dir='ltr'><strong>dialecti</strong></span> <span class='ocrx_word' id='word_1_123' title='bbox 1258 2103 1441 2193; x_wconf 86' lang='lat' dir='ltr'><strong>proprieta-</strong></span> 
     </span>
     <span class='ocr_line' id='line_1_18' title="bbox 326 2206 1442 2294; baseline -0.004 -22"><span class='ocrx_word' id='word_1_124' title='bbox 326 2218 392 2272; x_wconf 89' lang='lat' dir='ltr'><strong>tem</strong></span> <span class='ocrx_word' id='word_1_125' title='bbox 411 2229 450 2271; x_wconf 88' lang='lat' dir='ltr'><strong>ea</strong></span> <span class='ocrx_word' id='word_1_126' title='bbox 472 2207 565 2291; x_wconf 90' lang='lat' dir='ltr'><strong>quasi</strong></span> <span class='ocrx_word' id='word_1_127' title='bbox 588 2206 836 2290; x_wconf 90' lang='lat' dir='ltr'><strong>transtulerunt,</strong></span> <span class='ocrx_word' id='word_1_128' title='bbox 869 2207 927 2272; x_wconf 91' lang='lat' dir='ltr'><strong>sed</strong></span> <span class='ocrx_word' id='word_1_129' title='bbox 954 2208 1077 2272; x_wconf 88' lang='lat' dir='ltr'><strong>formas</strong></span> <span class='ocrx_word' id='word_1_130' title='bbox 1098 2229 1226 2294; x_wconf 87' lang='lat' dir='ltr'><strong>quoquc</strong></span> <span class='ocrx_word' id='word_1_131' title='bbox 1247 2213 1442 2292; x_wconf 80' lang='lat' dir='ltr'><strong>receperunt</strong></span> 
     </span>
     <span class='ocr_line' id='line_1_19' title="bbox 327 2306 1442 2394; baseline -0.004 -22"><span class='ocrx_word' id='word_1_132' title='bbox 327 2309 524 2394; x_wconf 89' lang='lat' dir='ltr'><strong>peregrinas.</strong></span> <span class='ocrx_word' id='word_1_133' title='bbox 557 2306 627 2369; x_wconf 91' lang='lat' dir='ltr'><strong>Iam</strong></span> <span class='ocrx_word' id='word_1_134' title='bbox 649 2306 712 2372; x_wconf 93' lang='lat' dir='ltr'><strong>duo</strong></span> <span class='ocrx_word' id='word_1_135' title='bbox 735 2315 828 2370; x_wconf 87' lang='lat' dir='ltr'><strong>erant</strong></span> <span class='ocrx_word' id='word_1_136' title='bbox 848 2307 951 2372; x_wconf 87' lang='lat' dir='ltr'><strong>fontes</strong></span> <span class='ocrx_word' id='word_1_137' title='bbox 973 2306 1124 2394; x_wconf 89' lang='lat' dir='ltr'><strong>equibus</strong></span> <span class='ocrx_word' id='word_1_138' title='bbox 1138 2306 1330 2392; x_wconf 85' lang='lat' dir='ltr'><strong>peregrinas</strong></span> <span class='ocrx_word' id='word_1_139' title='bbox 1346 2325 1442 2370; x_wconf 85' lang='lat' dir='ltr'><strong>voces</strong></span> 
     </span>
     <span class='ocr_line' id='line_1_20' title="bbox 327 2403 1441 2492; baseline -0.002 -22"><span class='ocrx_word' id='word_1_140' title='bbox 327 2406 507 2470; x_wconf 84' lang='lat' dir='ltr'><strong>haurirent:</strong></span> <span class='ocrx_word' id='word_1_141' title='bbox 530 2407 636 2491; x_wconf 89' lang='lat' dir='ltr'><strong>poesis</strong></span> <span class='ocrx_word' id='word_1_142' title='bbox 659 2407 754 2492; x_wconf 88' lang='lat' dir='ltr'><strong>epica</strong></span> <span class='ocrx_word' id='word_1_143' title='bbox 774 2413 806 2468; x_wconf 89' lang='lat' dir='ltr'><strong>et</strong></span> <span class='ocrx_word' id='word_1_144' title='bbox 828 2407 936 2492; x_wconf 88' lang='lat' dir='ltr'><strong>poesis</strong></span> <span class='ocrx_word' id='word_1_145' title='bbox 954 2405 1074 2492; x_wconf 82' lang='lat' dir='ltr'><strong>lyrica3</strong></span> <span class='ocrx_word' id='word_1_146' title='bbox 1095 2406 1220 2492; x_wconf 89' lang='lat' dir='ltr'><strong>epoesi</strong></span> <span class='ocrx_word' id='word_1_147' title='bbox 1232 2403 1340 2491; x_wconf 83' lang='lat' dir='ltr'><strong>lyrica</strong></span> <span class='ocrx_word' id='word_1_148' title='bbox 1356 2403 1441 2491; x_wconf 92' lang='lat' dir='ltr'><strong>quod</strong></span> 
     </span>
     <span class='ocr_line' id='line_1_21' title="bbox 326 2503 1441 2590; baseline -0.002 -21"><span class='ocrx_word' id='word_1_149' title='bbox 326 2528 382 2570; x_wconf 90' lang='lat' dir='ltr'><strong>eas</strong></span> <span class='ocrx_word' id='word_1_150' title='bbox 403 2505 589 2585; x_wconf 89' lang='lat' dir='ltr'><strong>hauserunt,</strong></span> <span class='ocrx_word' id='word_1_151' title='bbox 612 2527 676 2569; x_wconf 90' lang='lat' dir='ltr'><strong>non</strong></span> <span class='ocrx_word' id='word_1_152' title='bbox 698 2527 740 2568; x_wconf 87' lang='lat' dir='ltr'><strong>ex</strong></span> <span class='ocrx_word' id='word_1_153' title='bbox 761 2505 898 2570; x_wconf 90' lang='lat' dir='ltr'><strong>Homeri</strong></span> <span class='ocrx_word' id='word_1_154' title='bbox 919 2504 1132 2586; x_wconf 87' lang='lat' dir='ltr'><strong>carminibus,</strong></span> <span class='ocrx_word' id='word_1_155' title='bbox 1157 2503 1220 2568; x_wconf 92' lang='lat' dir='ltr'><strong>hoc</strong></span> <span class='ocrx_word' id='word_1_156' title='bbox 1240 2505 1360 2590; x_wconf 86' lang='lat' dir='ltr'><strong>opinor</strong></span> <span class='ocrx_word' id='word_1_157' title='bbox 1380 2525 1441 2568; x_wconf 90' lang='lat' dir='ltr'><strong>non</strong></span> 
     </span>
     <span class='ocr_line' id='line_1_22' title="bbox 327 2601 1439 2690; baseline -0.002 -22"><span class='ocrx_word' id='word_1_158' title='bbox 327 2603 533 2668; x_wconf 88' lang='lat' dir='ltr'><strong>mediocriter</strong></span> <span class='ocrx_word' id='word_1_159' title='bbox 554 2601 642 2667; x_wconf 87' lang='lat' dir='ltr'><strong>valet</strong></span> <span class='ocrx_word' id='word_1_160' title='bbox 669 2603 711 2667; x_wconf 91' lang='lat' dir='ltr'><strong>ad</strong></span> <span class='ocrx_word' id='word_1_161' title='bbox 733 2625 860 2668; x_wconf 92' lang='lat' dir='ltr'><strong>omnem</strong></span> <span class='ocrx_word' id='word_1_162' title='bbox 888 2604 1077 2690; x_wconf 86' lang='lat' dir='ltr'><strong>tragoediae</strong></span> <span class='ocrx_word' id='word_1_163' title='bbox 1096 2603 1245 2670; x_wconf 80' lang='lat' dir='ltr'><strong>Graecae</strong></span> <span class='ocrx_word' id='word_1_164' title='bbox 1266 2601 1439 2668; x_wconf 86' lang='lat' dir='ltr'><strong>dialectum</strong></span> 
     </span>
     <span class='ocr_line' id='line_1_23' title="bbox 326 2701 1440 2790; baseline -0.003 -22"><span class='ocrx_word' id='word_1_165' title='bbox 326 2713 414 2768; x_wconf 87' lang='lat' dir='ltr'><strong>recte</strong></span> <span class='ocrx_word' id='word_1_166' title='bbox 441 2701 650 2766; x_wconf 90' lang='lat' dir='ltr'><strong>iudicandam</strong></span> <span class='ocrx_word' id='word_1_167' title='bbox 675 2712 706 2767; x_wconf 93' lang='lat' dir='ltr'><strong>et</strong></span> <span class='ocrx_word' id='word_1_168' title='bbox 733 2702 972 2790; x_wconf 88' lang='lat' dir='ltr'><strong>explicandam.</strong></span> <span class='ocrx_word' id='word_1_169' title='bbox 1015 2703 1086 2768; x_wconf 92' lang='lat' dir='ltr'><strong>Iam</strong></span> <span class='ocrx_word' id='word_1_170' title='bbox 1112 2703 1197 2767; x_wconf 91' lang='lat' dir='ltr'><strong>enim</strong></span> <span class='ocrx_word' id='word_1_171' title='bbox 1219 2701 1371 2768; x_wconf 85' lang='lat' dir='ltr'><strong>videmus</strong></span> <span class='ocrx_word' id='word_1_172' title='bbox 1393 2725 1440 2767; x_wconf 88' lang='lat' dir='ltr'><strong>ar-</strong></span> 
     </span>
     <span class='ocr_line' id='line_1_24' title="bbox 327 2800 1441 2888; baseline -0.002 -22"><span class='ocrx_word' id='word_1_173' title='bbox 327 2803 486 2866; x_wconf 84' lang='lat' dir='ltr'><strong>tissimam</strong></span> <span class='ocrx_word' id='word_1_174' title='bbox 507 2822 578 2865; x_wconf 89' lang='lat' dir='ltr'><strong>esse</strong></span> <span class='ocrx_word' id='word_1_175' title='bbox 599 2801 787 2888; x_wconf 86' lang='lat' dir='ltr'><strong>tragoediae</strong></span> <span class='ocrx_word' id='word_1_176' title='bbox 816 2823 888 2867; x_wconf 90' lang='lat' dir='ltr'><strong>cum</strong></span> <span class='ocrx_word' id='word_1_177' title='bbox 910 2804 1003 2888; x_wconf 92' lang='lat' dir='ltr'><strong>poesi</strong></span> <span class='ocrx_word' id='word_1_178' title='bbox 1024 2802 1130 2888; x_wconf 83' lang='lat' dir='ltr'><strong>lyrica</strong></span> <span class='ocrx_word' id='word_1_179' title='bbox 1150 2800 1441 2874; x_wconf 70' lang='lat' dir='ltr'><strong>necessitudinem</strong></span> 
     </span>
     <span class='ocr_line' id='line_1_25' title="bbox 328 2899 1441 2982; baseline -0.001 -17"><span class='ocrx_word' id='word_1_180' title='bbox 328 2901 410 2965; x_wconf 88' lang='lat' dir='ltr'><strong>haec</strong></span> <span class='ocrx_word' id='word_1_181' title='bbox 431 2903 464 2964; x_wconf 92' lang='lat' dir='ltr'><strong>in</strong></span> <span class='ocrx_word' id='word_1_182' title='bbox 485 2901 619 2965; x_wconf 88' lang='lat' dir='ltr'><strong>canticis</strong></span> <span class='ocrx_word' id='word_1_183' title='bbox 643 2923 759 2966; x_wconf 87' lang='lat' dir='ltr'><strong>caussa</strong></span> <span class='ocrx_word' id='word_1_184' title='bbox 780 2900 840 2965; x_wconf 87' lang='lat' dir='ltr'><strong>fnit</strong></span> <span class='ocrx_word' id='word_1_185' title='bbox 859 2900 1021 2967; x_wconf 84' lang='lat' dir='ltr'><strong>vocalium</strong></span> <span class='ocrx_word' id='word_1_186' title='bbox 1041 2901 1256 2974; x_wconf 87' lang='lat' dir='ltr'><strong>Doricarum;</strong></span> <span class='ocrx_word' id='word_1_187' title='bbox 1285 2899 1387 2982; x_wconf 88' lang='lat' dir='ltr'><strong>haec,</strong></span> <span class='ocrx_word' id='word_1_188' title='bbox 1409 2912 1441 2964; x_wconf 88' lang='lat' dir='ltr'><strong>ut</strong></span> 
     </span>
     <span class='ocr_line' id='line_1_26' title="bbox 327 2999 1439 3086; baseline -0.003 -22"><span class='ocrx_word' id='word_1_189' title='bbox 327 2999 423 3064; x_wconf 90' lang='lat' dir='ltr'><strong>modo</strong></span> <span class='ocrx_word' id='word_1_190' title='bbox 444 2999 678 3083; x_wconf 86' lang='lat' dir='ltr'><strong>intelleximus,</strong></span> <span class='ocrx_word' id='word_1_191' title='bbox 709 3000 852 3086; x_wconf 89' lang='lat' dir='ltr'><strong>epitheta</strong></span> <span class='ocrx_word' id='word_1_192' title='bbox 874 2999 1033 3086; x_wconf 90' lang='lat' dir='ltr'><strong>quaedam</strong></span> <span class='ocrx_word' id='word_1_193' title='bbox 1054 3000 1159 3086; x_wconf 88' lang='lat' dir='ltr'><strong>lyrica</strong></span> <span class='ocrx_word' id='word_1_194' title='bbox 1187 3001 1221 3064; x_wconf 92' lang='lat' dir='ltr'><strong>in</strong></span> <span class='ocrx_word' id='word_1_195' title='bbox 1244 3009 1439 3086; x_wconf 86' lang='lat' dir='ltr'><strong>anapaestos</strong></span> 
     </span>
     <span class='ocr_line' id='line_1_27' title="bbox 325 3098 1438 3187; baseline -0.003 -24"><span class='ocrx_word' id='word_1_196' title='bbox 325 3100 497 3163; x_wconf 85' lang='lat' dir='ltr'><strong>transferri</strong></span> <span class='ocrx_word' id='word_1_197' title='bbox 525 3101 635 3173; x_wconf 80' lang='lat' dir='ltr'><strong>iussit3</strong></span> <span class='ocrx_word' id='word_1_198' title='bbox 664 3099 745 3163; x_wconf 90' lang='lat' dir='ltr'><strong>hacc</strong></span> <span class='ocrx_word' id='word_1_199' title='bbox 767 3099 906 3187; x_wconf 90' lang='lat' dir='ltr'><strong>denique</strong></span> <span class='ocrx_word' id='word_1_200' title='bbox 933 3101 1105 3164; x_wconf 89' lang='lat' dir='ltr'><strong>universae</strong></span> <span class='ocrx_word' id='word_1_201' title='bbox 1133 3100 1196 3163; x_wconf 91' lang='lat' dir='ltr'><strong>arti</strong></span> <span class='ocrx_word' id='word_1_202' title='bbox 1217 3098 1366 3182; x_wconf 86' lang='lat' dir='ltr'><strong>tragicae</strong></span> <span class='ocrx_word' id='word_1_203' title='bbox 1387 3119 1438 3160; x_wconf 85' lang='lat' dir='ltr'><strong>vo-</strong></span> 
     </span>
     <span class='ocr_line' id='line_1_28' title="bbox 327 3195 1438 3284; baseline -0.003 -22"><span class='ocrx_word' id='word_1_204' title='bbox 327 3197 444 3263; x_wconf 88' lang='lat' dir='ltr'><strong>cabula</strong></span> <span class='ocrx_word' id='word_1_205' title='bbox 467 3198 625 3284; x_wconf 89' lang='lat' dir='ltr'><strong>quaedam</strong></span> <span class='ocrx_word' id='word_1_206' title='bbox 649 3197 774 3262; x_wconf 91' lang='lat' dir='ltr'><strong>Dorica</strong></span> <span class='ocrx_word' id='word_1_207' title='bbox 794 3197 1024 3284; x_wconf 89' lang='lat' dir='ltr'><strong>suppeditavit.</strong></span> <span class='ocrx_word' id='word_1_208' title='bbox 1058 3198 1134 3262; x_wconf 91' lang='lat' dir='ltr'><strong>Huc</strong></span> <span class='ocrx_word' id='word_1_209' title='bbox 1156 3199 1184 3262; x_wconf 89' lang='lat' dir='ltr'><strong>si</strong></span> <span class='ocrx_word' id='word_1_210' title='bbox 1205 3195 1438 3276; x_wconf 87' lang='lat' dir='ltr'><strong>addiderimus,</strong></span> 
     </span>
    </p>
   </div>
   <div class='ocr_carea' id='block_1_3' title="bbox 326 3293 1537 3384">
    <p class='ocr_par' dir='ltr' id='par_1_7' title="bbox 326 3293 1537 3384">
     <span class='ocr_line' id='line_1_29' title="bbox 326 3293 1537 3384; baseline -0.004 -22"><span class='ocrx_word' id='word_1_211' title='bbox 326 3295 412 3383; x_wconf 91' lang='lat' dir='ltr'><strong>quod</strong></span> <span class='ocrx_word' id='word_1_212' title='bbox 435 3319 545 3360; x_wconf 89' lang='lat' dir='ltr'><strong>omncs</strong></span> <span class='ocrx_word' id='word_1_213' title='bbox 568 3319 625 3361; x_wconf 88' lang='lat' dir='ltr'><strong>eae</strong></span> <span class='ocrx_word' id='word_1_214' title='bbox 644 3297 769 3362; x_wconf 82' lang='lat' dir='ltr'><strong>formae</strong></span> <span class='ocrx_word' id='word_1_215' title='bbox 791 3319 874 3384; x_wconf 91' lang='lat' dir='ltr'><strong>quac</strong></span> <span class='ocrx_word' id='word_1_216' title='bbox 894 3295 991 3382; x_wconf 87' lang='lat' dir='ltr'><strong>volgo</strong></span> <span class='ocrx_word' id='word_1_217' title='bbox 1013 3306 1171 3361; x_wconf 88' lang='lat' dir='ltr'><strong>vocantur</strong></span> <span class='ocrx_word' id='word_1_218' title='bbox 1193 3299 1322 3383; x_wconf 87' lang='lat' dir='ltr'><strong>epicac,</strong></span> <span class='ocrx_word' id='word_1_219' title='bbox 1350 3293 1437 3382; x_wconf 90' lang='lat' dir='ltr'><strong>apud</strong></span> <span class='ocrx_word' id='word_1_220' title='bbox 1536 3367 1537 3370; x_wconf 7' lang='grc' dir='ltr'><strong>Ἴ</strong></span> 
     </span>
    </p>
   </div>
   <div class='ocr_carea' id='block_1_4' title="bbox 326 3395 1435 3780">
    <p class='ocr_par' dir='ltr' id='par_1_8' title="bbox 326 3395 1435 3780">
     <span class='ocr_line' id='line_1_30' title="bbox 326 3395 1435 3484; baseline -0.001 -26"><span class='ocrx_word' id='word_1_221' title='bbox 326 3395 505 3460; x_wconf 90' lang='lat' dir='ltr'><strong>Pindarum</strong></span> <span class='ocrx_word' id='word_1_222' title='bbox 527 3417 656 3484; x_wconf 90' lang='lat' dir='ltr'><strong>quoquc</strong></span> <span class='ocrx_word' id='word_1_223' title='bbox 677 3396 844 3482; x_wconf 87' lang='lat' dir='ltr'><strong>leguntur:</strong></span> <span class='ocrx_word' id='word_1_224' title='bbox 867 3396 945 3480; x_wconf 90' lang='lat' dir='ltr'><strong>quid</strong></span> <span class='ocrx_word' id='word_1_225' title='bbox 960 3396 1092 3462; x_wconf 88' lang='lat' dir='ltr'><strong>tandem</strong></span> <span class='ocrx_word' id='word_1_226' title='bbox 1108 3396 1251 3462; x_wconf 87' lang='lat' dir='ltr'><strong>obstabit</strong></span> <span class='ocrx_word' id='word_1_227' title='bbox 1265 3396 1435 3481; x_wconf 87' lang='lat' dir='ltr'><strong>quominus</strong></span> 
     </span>
     <span class='ocr_line' id='line_1_31' title="bbox 326 3494 1435 3586; baseline -0.002 -27"><span class='ocrx_word' id='word_1_228' title='bbox 326 3494 398 3560; x_wconf 89' lang='lat' dir='ltr'><strong>has</strong></span> <span class='ocrx_word' id='word_1_229' title='bbox 429 3517 590 3581; x_wconf 91' lang='lat' dir='ltr'><strong>quoque</strong></span> <span class='ocrx_word' id='word_1_230' title='bbox 622 3517 697 3559; x_wconf 91' lang='lat' dir='ltr'><strong>non</strong></span> <span class='ocrx_word' id='word_1_231' title='bbox 729 3505 890 3586; x_wconf 34' lang='lat' dir='ltr'><strong>tam&#39;ex</strong></span> <span class='ocrx_word' id='word_1_232' title='bbox 920 3496 1023 3581; x_wconf 90' lang='lat' dir='ltr'><strong>ipsis</strong></span> <span class='ocrx_word' id='word_1_233' title='bbox 1051 3495 1212 3559; x_wconf 90' lang='lat' dir='ltr'><strong>Homeri</strong></span> <span class='ocrx_word' id='word_1_234' title='bbox 1244 3495 1435 3558; x_wconf 87' lang='lat' dir='ltr'><strong>carmini·</strong></span> 
     </span>
     <span class='ocr_line' id='line_1_32' title="bbox 326 3591 1434 3680; baseline -0.001 -22"><span class='ocrx_word' id='word_1_235' title='bbox 326 3593 417 3676; x_wconf 90' lang='lat' dir='ltr'><strong>bus,</strong></span> <span class='ocrx_word' id='word_1_236' title='bbox 440 3616 552 3680; x_wconf 90' lang='lat' dir='ltr'><strong>quam</strong></span> <span class='ocrx_word' id='word_1_237' title='bbox 573 3617 590 3657; x_wconf 93' lang='lat' dir='ltr'><strong>e</strong></span> <span class='ocrx_word' id='word_1_238' title='bbox 612 3595 727 3680; x_wconf 88' lang='lat' dir='ltr'><strong>poesi</strong></span> <span class='ocrx_word' id='word_1_239' title='bbox 748 3593 885 3680; x_wconf 88' lang='lat' dir='ltr'><strong>lyrica</strong></span> <span class='ocrx_word' id='word_1_240' title='bbox 904 3602 1097 3680; x_wconf 88' lang='lat' dir='ltr'><strong>receptas</strong></span> <span class='ocrx_word' id='word_1_241' title='bbox 1120 3592 1334 3658; x_wconf 77' lang='lat' dir='ltr'><strong>censeamus?</strong></span> <span class='ocrx_word' id='word_1_242' title='bbox 1372 3591 1434 3678; x_wconf 91' lang='lat' dir='ltr'><strong>Ap·</strong></span> 
     </span>
     <span class='ocr_line' id='line_1_33' title="bbox 327 3691 1433 3780; baseline -0.002 -23"><span class='ocrx_word' id='word_1_243' title='bbox 327 3702 421 3778; x_wconf 91' lang='lat' dir='ltr'><strong>paret</strong></span> <span class='ocrx_word' id='word_1_244' title='bbox 441 3693 539 3778; x_wconf 87' lang='lat' dir='ltr'><strong>igitur</strong></span> <span class='ocrx_word' id='word_1_245' title='bbox 564 3729 605 3740; x_wconf 89' lang='lat'><strong>-</strong></span> <span class='ocrx_word' id='word_1_246' title='bbox 626 3703 661 3757; x_wconf 92' lang='lat' dir='ltr'><strong>ut</strong></span> <span class='ocrx_word' id='word_1_247' title='bbox 684 3693 1003 3780; x_wconf 89' lang='lat' dir='ltr'><strong>quam&#39;brevissime</strong></span> <span class='ocrx_word' id='word_1_248' title='bbox 1017 3715 1184 3757; x_wconf 85' lang='lat' dir='ltr'><strong>summam</strong></span> <span class='ocrx_word' id='word_1_249' title='bbox 1209 3693 1304 3757; x_wconf 92' lang='lat' dir='ltr'><strong>huius</strong></span> <span class='ocrx_word' id='word_1_250' title='bbox 1329 3691 1433 3779; x_wconf 89' lang='lat' dir='ltr'><strong>dispu-</strong></span> 
     </span>
    </p>
   </div>
   <div class='ocr_carea' id='block_1_5' title="bbox 326 3791 1536 3878">
    <p class='ocr_par' dir='ltr' id='par_1_9' title="bbox 326 3791 1536 3878">
     <span class='ocr_line' id='line_1_34' title="bbox 326 3791 1536 3878; baseline 0 -24"><span class='ocrx_word' id='word_1_251' title='bbox 326 3791 523 3856; x_wconf 86' lang='lat' dir='ltr'><strong>tatiunculae</strong></span> <span class='ocrx_word' id='word_1_252' title='bbox 552 3815 731 3878; x_wconf 91' lang='lat' dir='ltr'><strong>proponam</strong></span> <span class='ocrx_word' id='word_1_253' title='bbox 765 3829 806 3838; x_wconf 89' lang='lat'><strong>—</strong></span> <span class='ocrx_word' id='word_1_254' title='bbox 836 3815 900 3857; x_wconf 92' lang='lat' dir='ltr'><strong>non</strong></span> <span class='ocrx_word' id='word_1_255' title='bbox 932 3815 992 3878; x_wconf 91' lang='lat' dir='ltr'><strong>pro</strong></span> <span class='ocrx_word' id='word_1_256' title='bbox 1025 3791 1128 3858; x_wconf 88' lang='lat' dir='ltr'><strong>libero</strong></span> <span class='ocrx_word' id='word_1_257' title='bbox 1158 3791 1293 3856; x_wconf 89' lang='lat' dir='ltr'><strong>arbitrio</strong></span> <span class='ocrx_word' id='word_1_258' title='bbox 1326 3801 1434 3878; x_wconf 89' lang='lat' dir='ltr'><strong>poetas</strong></span> <span class='ocrx_word' id='word_1_259' title='bbox 1535 3829 1536 3832; x_wconf 61' lang='lat'><em>=</em></span> 
     </span>
    </p>
   </div>
   <div class='ocr_carea' id='block_1_6' title="bbox 325 3889 1433 4178">
    <p class='ocr_par' dir='ltr' id='par_1_10' title="bbox 325 3889 1433 4178">
     <span class='ocr_line' id='line_1_35' title="bbox 325 3889 1433 3978; baseline 0 -25"><span class='ocrx_word' id='word_1_260' title='bbox 325 3891 469 3974; x_wconf 84' lang='lat' dir='ltr'><strong>tragicos</strong></span> <span class='ocrx_word' id='word_1_261' title='bbox 491 3892 633 3977; x_wconf 90' lang='lat' dir='ltr'><strong>propriis</strong></span> <span class='ocrx_word' id='word_1_262' title='bbox 648 3899 680 3955; x_wconf 91' lang='lat' dir='ltr'><strong>et</strong></span> <span class='ocrx_word' id='word_1_263' title='bbox 695 3892 876 3978; x_wconf 86' lang='lat' dir='ltr'><strong>peregrinis</strong></span> <span class='ocrx_word' id='word_1_264' title='bbox 893 3891 1061 3956; x_wconf 89' lang='lat' dir='ltr'><strong>vocabulis</strong></span> <span class='ocrx_word' id='word_1_265' title='bbox 1077 3889 1251 3956; x_wconf 88' lang='lat' dir='ltr'><strong>miscendis</strong></span> <span class='ocrx_word' id='word_1_266' title='bbox 1267 3889 1433 3954; x_wconf 88' lang='lat' dir='ltr'><strong>mirificam</strong></span> 
     </span>
     <span class='ocr_line' id='line_1_36' title="bbox 326 3989 1432 4078; baseline -0.003 -24"><span class='ocrx_word' id='word_1_267' title='bbox 326 3989 490 4075; x_wconf 89' lang='lat' dir='ltr'><strong>quandam</strong></span> <span class='ocrx_word' id='word_1_268' title='bbox 512 3990 658 4056; x_wconf 85' lang='lat' dir='ltr'><strong>effecisse</strong></span> <span class='ocrx_word' id='word_1_269' title='bbox 679 3991 878 4076; x_wconf 87' lang='lat' dir='ltr'><strong>sartaginem</strong></span> <span class='ocrx_word' id='word_1_270' title='bbox 897 3989 1065 4078; x_wconf 89' lang='lat' dir='ltr'><strong>loquendi,</strong></span> <span class='ocrx_word' id='word_1_271' title='bbox 1085 3990 1169 4056; x_wconf 88' lang='lat' dir='ltr'><strong>hanc</strong></span> <span class='ocrx_word' id='word_1_272' title='bbox 1191 3991 1432 4076; x_wconf 86' lang='lat' dir='ltr'><strong>pronuntiantes</strong></span> 
     </span>
     <span class='ocr_line' id='line_1_37' title="bbox 325 4087 1431 4178; baseline 0.001 -27"><span class='ocrx_word' id='word_1_273' title='bbox 325 4109 439 4152; x_wconf 89' lang='lat' dir='ltr'><strong>vocem</strong></span> <span class='ocrx_word' id='word_1_274' title='bbox 455 4087 573 4172; x_wconf 89' lang='lat' dir='ltr'><strong>Attice,</strong></span> <span class='ocrx_word' id='word_1_275' title='bbox 587 4089 708 4154; x_wconf 89' lang='lat' dir='ltr'><strong>Dorice</strong></span> <span class='ocrx_word' id='word_1_276' title='bbox 724 4089 823 4172; x_wconf 91' lang='lat' dir='ltr'><strong>illam,</strong></span> <span class='ocrx_word' id='word_1_277' title='bbox 844 4092 974 4156; x_wconf 90' lang='lat' dir='ltr'><strong>tertiam</strong></span> <span class='ocrx_word' id='word_1_278' title='bbox 994 4100 1154 4156; x_wconf 88' lang='lat' dir='ltr'><strong>sumentes</strong></span> <span class='ocrx_word' id='word_1_279' title='bbox 1177 4111 1196 4154; x_wconf 91' lang='grc'><strong>1</strong></span> <span class='ocrx_word' id='word_1_280' title='bbox 1217 4091 1314 4178; x_wconf 90' lang='lat' dir='ltr'><strong>copia</strong></span> <span class='ocrx_word' id='word_1_281' title='bbox 1333 4089 1431 4178; x_wconf 70' lang='lat' dir='ltr'><strong>spica,</strong></span> 
     </span>
    </p>
   </div>
   <div class='ocr_carea' id='block_1_7' title="bbox 0 0 1548 4966">
    <p class='ocr_par' dir='ltr' id='par_1_11' title="bbox 0 0 1548 4966">
     <span class='ocr_line' id='line_1_38' title="bbox 0 0 1548 4966; baseline 0 1"><span class='ocrx_word' id='word_1_282' title='bbox 0 0 1548 4966; x_wconf 95' lang='lat' dir='ltr'><strong> </strong></span> 
     </span>
    </p>
   </div>
  </div>
 </body>
</html>
