3008 4968
865 455 940 520 206·

339 632 463 698 Dorico
485 633 618 698 nomine
638 635 773 720 proprio
790 619 927 698 valeres
953 633 1049 699 Talia
1069 655 1112 698 ne
1126 632 1168 697 ab
1182 630 1301 696 Atticis
1323 630 1433 718 quiden

222 767 226 772 ·
337 731 444 796 aliena
474 741 558 815 sunt,
590 743 687 820 atque
708 733 846 819 legimus
868 734 901 796 in
930 755 1092 798 marmore
1113 732 1211 796 Pario
1233 735 1331 811 2374,
1359 736 1394 796 19
1412 739 1434 792 et

337 835 390 895 61:
417 824 559 916 Τλησία,
591 825 725 906 Ἱππία,
751 833 785 896 in
805 830 885 916 Myl.
907 836 984 898 2691
1010 853 1028 896 e
1050 838 1079 899 3.
1104 837 1150 896 12.
1178 837 1215 898 13
1237 821 1373 892 Μανίια
1393 828 1433 904 (cf.

337 928 576 996 substantivum
595 923 752 1016 μηνίιης).

400 1027 430 1094 b.
458 1029 497 1094 In
519 1029 903 1116 declinatione'stirpium
922 1030 957 1093 in
978 1035 997 1092 ὁ
1015 1030 1202 1094 exeuntium
1223 1027 1365 1114 genetivi
1384 1027 1434 1089 usi·
1493 1065 1494 1078 ι

337 1136 406 1192 tata
426 1127 532 1194 forma
550 1138 600 1194 est
622 1150 671 1195 ov.
714 1128 768 1192 Ex
781 1129 962 1193 imitatione
983 1137 1091 1192 tamen
1113 1127 1245 1212 linguae
1257 1125 1435 1191 Homericae

338 1226 389 1291 vel
417 1231 547 1294 omnino
577 1229 690 1315 spicae
719 1227 855 1314 elegiaci
883 1226 1045 1292 interdum
1074 1228 1257 1314 antiquiore
1287 1245 1373 1307 ο-ιο,
1403 1245 1434 1287 ex
1492 1287 1493 1292 ,

337 1347 402 1409 qua
422 1325 480 1390 illa
501 1328 569 1393 iota
591 1328 692 1394 eiecto
715 1328 935 1392 contractione
962 1335 1040 1391 nata
1061 1335 1126 1408 est,
1157 1324 1243 1390 huno
1270 1345 1380 1389 casum
1399 1324 1433 1386 in·

338 1433 474 1505 struunt,
495 1425 685 1514 plerumque
706 1425 759 1490 vel
779 1423 915 1490 eandem
937 1447 1052 1489 versus
1081 1424 1206 1507 sedem,
1234 1445 1333 1510 saepe
1353 1423 1436 1486 etiam
1494 1485 1495 1489 ,

338 1522 473 1588 eandem
509 1524 681 1598 formulam
711 1525 903 1603 retinentes,
933 1524 967 1586 in
998 1523 1116 1610 quibus
1139 1523 1299 1588 eiusmodi
1328 1523 1436 1586 formae

337 1621 426 1708 apud
446 1621 624 1688 Homerum
647 1633 844 1710 comparent.
887 1622 1048 1686 Videntur
1070 1632 1179 1687 autem
1204 1621 1365 1709 pleniores
1385 1618 1436 1682 for·
1494 1651 1495 1664 ι

336 1743 409 1785 mae
431 1743 473 1786 ex
494 1723 715 1788 vetustissima
735 1722 848 1808 lingua
868 1721 910 1786 ab
922 1721 1112 1786 Homeridis
1129 1723 1163 1804 5,)
1184 1742 1225 1786 ex
1246 1721 1361 1786 horum
1380 1739 1437 1782 car·

337 1819 479 1885 minibus
500 1820 542 1886 ab
572 1821 724 1908 elegiacis
752 1830 896 1885 retentae
926 1841 1013 1903 esse,
1044 1828 1220 1908 propterea
1239 1818 1328 1907 quod
1347 1826 1436 1881 metro

338 1918 499 2006 dactylico
521 1923 712 2007 aptissimae
741 1931 841 1986 erant
885 1919 1003 1984 Rarior
1033 1941 1147 1984 aarum
1174 1939 1252 1982 usus
1280 1917 1368 2004 apud
1387 1915 1437 1979 ele-

336 2019 466 2104 giacos,
493 2021 613 2106 partim
635 2020 781 2107 quidem,
811 2041 853 2083 ex
875 2019 1067 2105 pentametri
1094 2026 1259 2082 structura
1289 2015 1436 2103 explican-
1494 2083 1495 2086 ,

338 2117 399 2182 dus
424 2128 488 2202 est,
517 2119 692 2184 secundnm
721 2141 824 2208 quam
841 2118 883 2182 ab
908 2119 1077 2205 utriusque
1105 2115 1289 2182 hemistichi
1315 2115 1375 2186 fine
1393 2134 1436 2176 ex·
1492 2165 1495 2180 .

337 2215 446 2299 clusae
467 2227 568 2285 erant.

401 2315 451 2381 Ac
481 2319 623 2402 primunr
654 2315 785 2404 quidem
817 2313 891 2382 ante
924 2337 1093 2382 caesuram
1125 2316 1318 2401 primariam
1352 2310 1436 2378 collo·
1493 2327 1495 2382 j

338 2423 411 2480 cata
430 2425 521 2482 sunt:

400 2514 508 2602 Tyrt.
539 2521 590 2592 12,
617 2523 636 2580 5
674 2516 841 2580 Τιθωνοῖο
873 2513 975 2601 (apud
1003 2513 1183 2578 Homerum
1212 2511 1264 2578 bis
1293 2513 1329 2576 in
1354 2528 1436 2574 verso
1494 2543 1495 2584 ι

223 2691 226 2696 ¹
339 2615 492 2691 exeunti).
1494 2677 1495 2684 ,

404 2719 456 2796 12,
482 2718 521 2780 25
547 2706 697 2795 στέρνοιο
703 2761 717 2802 ‚V
736 2711 824 2799 apud
845 2711 1025 2778 Homerum
1052 2713 1239 2799 quinquies,
1267 2719 1303 2772 ut
1323 2710 1360 2770 A
1378 2710 1434 2774 841.

401 2812 530 2877 Mimn.
562 2818 598 2894 2,
628 2818 662 2876 7:
694 2805 861 2874 θανάτοιο
893 2810 995 2898 (apud
1028 2811 1207 2876 Homerum
1242 2808 1383 2872 maxime
1410 2804 1436 2866 in
1494 2827 1495 2874 Ὺ

337 2935 451 2978 versus
471 2911 557 2988 fine).
1494 2905 1495 2962 l

280 3083 281 3088 .
399 3011 567 3096 Theogn.
597 3017 671 3078 707:
700 3005 815 3074 ὅντινα
838 3006 878 3094 δὴ
901 3003 1068 3072 θανάτοιο
1091 3003 1197 3088 μέλαν
1222 3002 1325 3093 νέφος
1345 2998 1436 3089 άμφι-

337 3104 480 3197 καλύψῃ.
525 3109 574 3176 Of.
598 3107 618 3172 δ
644 3116 701 3178 189
728 3101 808 3194 πρίν
838 3101 865 3191 y'
880 3103 935 3172 ὅτι
964 3105 1004 3192 δὴ
1029 3102 1196 3170 θανάτοιο
1218 3101 1325 3185 μέλαν
1352 3099 1436 3188 νέφος

337 3202 589 3296 ἀμφεκάλυψεν.
1494 3211 1495 3264 1

399 3308 506 3374 Theo
513 3331 572 3394 gn.
589 3313 660 3376 103:
683 3303 719 3370 ἐκ
739 3303 902 3386 χαλεποῖο
918 3300 1035 3372 πόνον.
1058 3311 1115 3372 119
1125 3305 1246 3389 χρυσοῦ
1265 3296 1433 3388 κιβδήλοιο.

398 3430 459 3491 949
482 3419 601 3505 νεβρὸν
622 3416 707 3502 ὑπὲξ
726 3416 871 3510 ἐλάφοιο
894 3418 980 3486 λέων
1001 3414 1047 3496 ὡς
1068 3412 1146 3484 silai
1167 3412 1353 3494 πεποιθώς.

398 3540 448 3608 Of.
476 3542 515 3602 A
544 3543 617 3626 113ι
659 3532 705 3614 (ὃς
735 3534 772 3601 δέ
803 3534 888 3602 λέων
920 3534 1063 3622 ἐλάφοιο
1089 3575 1131 3585 -
1158 3527 1434 3622 ιέκναΙΙ-σονέαξε,

337 3643 479 3705 maxime
500 3638 529 3700 E
548 3643 619 3706 299.

400 3738 477 3805 Sol.
510 3743 565 3820 13,
593 3742 647 3804 23:
676 3727 854 3816 λάμπειά
883 3727 1014 3819 ἠελίοιο
1042 3731 1147 3818 μένος.
1192 3735 1241 3802 Of.
1269 3723 1384 3804 5151911.
1419 3749 1435 3789 t

404 4040 430 4106 5)
448 4037 492 4092 De
509 4053 562 4092 usu
579 4035 725 4091 Homerico
744 4036 816 4090 bene
834 4035 961 4090 disseruit
976 4037 1011 4092 A.
1029 4033 1149 4088 Leskien
1168 4033 1198 4087 in
1209 4001 1375 4088 Fleckeiseni
1391 4041 1429 4080 an·

320 4123 445 4191 ‚nalium
462 4123 516 4176 vol.
535 4127 568 4176 95
587 4126 614 4174 et
630 4125 663 4175 96
682 4119 817 4188 (1861),Ι,
836 4137 900 4190 pag.
923 4125 933 4174 1
956 4138 1015 4190 sqq.
