3148 4958
857 447 897 510 26

320 616 366 701 ὡς
396 621 457 708 γὰρ
487 616 791 714 Ἀγαμεμνονίδης,
825 621 1023 713 Τεκτονίδης
1056 623 1159 704 οὕτως
1193 619 1434 704 Χαλκώδοντος

321 718 603 810 Χαλκωδονείὸης
624 722 680 790 καὶ
701 725 904 812 πλεονασμῷ
925 723 1266 814 Χαλκωδοντιάδης.“

403 824 531 890 Harum
553 828 786 894 sententiarum
808 827 947 914 primam
968 827 1196 914 negligendam
1225 851 1296 894 esse
1318 850 1433 893 censeo

321 949 386 990 non
407 925 509 990 solum
540 925 625 1013 quod
656 950 771 1013 parum
793 926 948 992 credibile
975 927 1103 992 videtur
1125 945 1149 992 a·
1165 928 1327 992 femininis
1350 927 1432 992 deri·

320 1034 398 1090 vata
420 1027 648 1090 esse-marium
663 1029 803 1110 nomina,
826 1025 884 1091 sed
905 1028 1003 1092 etiam
1023 1028 1119 1112 quod,
1140 1050 1213 1092 cum
1233 1025 1433 1090 Χαλκωδον-

321 1118 370 1199 τίς
389 1133 520 1210 praeter
541 1121 806 1202 Χαλκωδοντιάς
827 1135 948 1209 exstet,
980 1149 1064 1214 quae
1092 1127 1187 1214 hujus
1216 1149 1237 1188 o
1266 1129 1358 1212 origo
1383 1129 1434 1209 sit,

321 1225 438 1288 iterum
459 1225 680 1310 quaerendum
702 1235 758 1292 est.
1347 1223 1351 1232 ’

406 1323 498 1404 Quae
526 1348 605 1391 vero
638 1326 753 1392 harum
785 1327 1017 1392 sententiarum
1051 1325 1179 1410 graecis
1212 1327 1434 1410 grammaticis

321 1424 463 1488 maxime
485 1425 660 1508 arridebat,
685 1449 706 1488 α
727 1418 925 1502 πλεονάζειν
946 1424 999 1488 vel
1020 1447 1080 1511 per
1104 1425 1270 1508 epectasin
1294 1425 1434 1488 ionicam

320 1524 372 1599 (cf.
396 1523 533 1610 Gregor.
557 1524 702 1590 Corinth.
725 1548 758 1612 p.
779 1529 839 1593 488
862 1523 911 1588 ed.
934 1522 1082 1601 Schafer)
1104 1521 1270 1587 inductum
1292 1545 1373 1605 esse,
1397 1546 1434 1588 ca

320 1631 452 1688 nostrae
475 1625 574 1688 aetati
595 1625 727 1688 minimo
749 1624 917 1711 probatur,
961 1622 1030 1686 Nec
1051 1623 1136 1689 enim
1150 1645 1294 1709 unquam
1312 1631 1434 1708 poetas,

322 1744 507 1810 quanquam
535 1745 555 1788 a
584 1727 746 1788 communi
776 1745 925 1788 sermone
955 1721 1067 1786 formis
1094 1722 1191 1786 modo
1218 1724 1323 1807 magis
1350 1745 1434 1787 corn-

320 1823 443 1908 pressis
473 1823 569 1888 modo
591 1824 696 1907 magis
726 1824 865 1888 extentis
887 1821 1006 1886 utendo
1028 1820 1125 1906 longo
1146 1819 1357 1903 recedebant,
1386 1845 1434 1886 so-

320 1943 379 1986 nos
402 1945 662 2008 supervacaneos
683 1931 715 1988 et
734 1923 828 2010 quasi
850 1922 971 1986 otiosos
1000 1913 1096 1984 metri
1118 1929 1245 1984 tantum
1267 1941 1368 1985 causa
1388 1922 1435 1984 in·

322 2020 466 2086 oulcassc
487 2045 505 2086 e
526 2023 741 2109 grammatica
764 2021 993 2108 comparativa
1015 2020 1235 2106 cognovimus.

405 2121 515 2202 Quare
540 2121 682 2188 secunda
697 2125 804 2209 potius
819 2143 930 2186 earum
951 2143 1033 2208 quas
1045 2122 1146 2206 supra
1162 2118 1297 2184 laudavi
1310 2129 1435 2185 senten-

321 2222 455 2304 tiarum,
492 2245 589 2308 quam
619 2221 807 2309 Tryphonis
842 2221 941 2284 inisse
973 2242 1015 2296 ex
1043 2218 1149 2284 Bekk.
1178 2218 1290 2284 anecd.
1320 2242 1352 2305 p.
1375 2223 1436 2286 849

321 2329 469 2408 apparet,
495 2321 686 2407 accipienda
715 2343 786 2385 osse
807 2319 944 2384 videtur.
989 2318 1071 2384 Cum
1093 2319 1179 2384 enim
1205 2320 1240 2383 in
1261 2317 1436 2404 gentilioiis

322 2419 433 2507 qualia
461 2415 683 2505 Δηλ-ια-κός,
715 2413 978 2502 liconti-rande
1003 2440 1037 2482 ια
1066 2427 1097 2482 et
1124 2439 1164 2480 κο
1193 2419 1327 2501 suffixa,
1361 2441 1438 2504 quo-

195 2581 211 2602 ,
321 2543 394 2584 rum
409 2529 581 2608 utrumque
595 2521 815 2606 possessivum
826 2516 926 2584 habet
936 2521 1003 2584 vim
1025 2518 1075 2595 (cs.
1092 2521 1122 2598 ὅ.
1134 2524 1185 2600 9.),
1206 2519 1291 2582 inter
1312 2540 1346 2582 se
1362 2539 1438 2582 con·

317 2620 432 2706 juncta
452 2621 531 2704 sint,
564 2619 677 2704 quidni
709 2619 823 2685 eodem
843 2618 940 2684 modo
962 2621 997 2684 in
1018 2619 1254 2705 patronymicis
1281 2619 1315 2682 in
1345 2617 1439 2703 ιαόης

324 2741 359 2782 ια
383 2727 414 2784 et
435 2717 478 2782 dn
500 2719 636 2802 suffixa,
668 2741 806 2808 quorum
835 2728 1008 2808 utrumque
1031 2715 1152 2782 habeat
1177 2719 1438 2805 patronymicam

322 2821 389 2884 vim
401 2819 453 2896 (cf.
469 2813 685 2900 Τελαμώνιος
692 2821 805 2902 Αἴας),
819 2821 904 2884 inter
916 2841 950 2886 se
962 2820 1134 2907 conjuncta
1149 2839 1220 2882 esse
1234 2817 1438 2883 statuamus?

322 2919 435 3006 Neque
455 2918 531 2984 huic
561 2921 738 2985 sententiae
766 2919 888 3002 obstat,
921 2918 1008 3005 quod
1036 2916 1079 2981 do
1110 2916 1263 2984 suffixum
1291 2916 1440 3005 ejusdem

323 3030 420 3107 atquc
449 3039 483 3082 ιο
516 3021 651 3106 originis
682 3030 731 3085 est
764 3021 817 3102 (cf.
846 3021 875 3100 ὅ.
901 3026 959 3098 10).
1011 3017 1096 3082 Nam
1128 3026 1243 3104 poetae
1272 3018 1439 3099 homerici,

323 3142 398 3185 cum
433 3121 660 3208 patronymica
694 3121 729 3186 in
763 3117 861 3205 ιαδης
894 3118 1002 3184 facero
1038 3118 1235 3205 coepissent,
1274 3115 1360 3182 unde
1396 3113 1440 3178 da

324 3219 477 3285 suffixum
500 3229 606 3286 ortum
630 3230 729 3303 esset,
756 3222 828 3308 jam
851 3217 943 3285 obliti
965 3225 1073 3310 erant.¹
1111 3215 1361 3302 Concedendum
1384 3237 1440 3279 au-

322 3329 387 3384 tem
410 3331 458 3384 est
479 3329 592 3406 poetas
613 3319 676 3386 hoc
694 3318 858 3386 formandi
878 3339 997 3404 genere
1018 3341 1183 3406 nunquam
1204 3318 1272 3382 sere
1296 3315 1360 3380 nisi
1374 3337 1440 3378 me-

324 3429 373 3484 tro
397 3428 527 3484 coactos
548 3442 624 3485 usos
646 3443 726 3486 esse.

406 3523 434 3600 ξ.
458 3523 507 3584 26.
540 3519 616 3584 dam
637 3517 799 3604 quomodo
822 3540 839 3582 e
862 3517 1062 3603 singulorum
1084 3517 1302 3582 thematorum
1315 3515 1441 3602 generi-

323 3619 384 3683 bus
413 3619 639 3704 patronymioa
660 3617 757 3706 hujus
787 3619 990 3683 formationis
1021 3617 1208 3682 deriventur
1238 3615 1441 3700 indagemus.

324 3754 365 3764 —-
385 3718 435 3783 Ao
458 3719 599 3804 primum
622 3716 753 3804 quidem
776 3741 793 3781 e
813 3716 1009 3782 thematis
1032 3719 1207 3804 impuris
1229 3736 1442 3800 macropa·

324 3817 496 3883 ralectis
518 3819 559 3882 in
581 3840 602 3880 α
623 3817 705 3882 haec
727 3817 955 3904 patronymica
973 3817 1136 3882 Homerus
1159 3815 1339 3881 derivavit:

405 3909 728 4003 Ἀγχισ-νά-δης
754 3917 893 4003 (Verg.);
929 3910 1211 4001 Θυεσε-ιά-ὄης
1233 3912 1252 3976 d
1276 3919 1336 3982 518
1365 3911 1442 3990 (Ov.

326 4018 387 4098 Qu.
402 4017 467 4084 Sm.
481 4017 623 4101 Claud),
636 4020 675 4081 Λ
682 4040 702 4080 α
712 4010 880 4098 soced-d
885 4037 931 4100 ης
945 4009 1183 4100 (Λαρτ-ιά-ὂης
1192 4014 1305 4100 Eurip.
1318 4011 1442 4090 Auta).

326 4118 471 4201 Quorum
493 4127 639 4184 extrema
662 4117 725 4184 duc
749 4141 767 4184 e
787 4112 960 4200 Λαέρειος
986 4125 1018 4182 et
1043 4109 1202 4190 (indoctos
1231 4113 1443 4180 nominativis
