3008 4968
777 423 977 518 „28⁶—

319 600 505 666 Boeckhius
530 599 566 665 Θ.
590 599 612 664 1.
633 599 677 681 11,
698 623 729 686 p.
751 605 791 668 85
814 581 941 676 Σάϊοι,
975 602 1088 687 inquit,
1111 610 1144 666 61
1164 601 1315 664 Σαπαῖοι
1327 601 1367 679 (7)
1388 603 1432 665 vi-

322 700 417 766 detur
447 699 561 764 eadem
584 721 655 763 csse
681 722 746 764 vox
773 699 944 787 mediaque
975 702 1060 766 inter
1081 711 1250 789 utramque
1272 710 1322 766 est
1340 703 1433 766 161116

322 797 496 864 eorundem
519 797 737 862 denominatio
759 794 879 880 Σάβοι.

385 890 603 982 βασιλήϊος
625 895 769 984 Theogn.
794 905 883 965 1191.
927 891 1105 983 Νηλήϊος
1121 897 1232 963 Mimn.
1246 905 1277 982 9,
1302 908 1328 964 1.
1349 920 1434 980 τρο-

321 990 443 1082 πήϊον
471 997 573 1083 Hipp.
607 1005 646 1060 tr.
679 1004 727 1064 57.
783 994 1010 1083 §ertatem
1040 994 1257 1082 (saraptana
1289 993 1435 1073 Σελλὲως

322 1090 392 1172 υἱὸς
413 1090 432 1159 ὃ
452 1091 588 1176 μάντις).
632 1093 731 1161 Arch.
755 1096 848 1182 epod
877 1105 950 1179 104,
973 1102 991 1161 2
1014 1106 1131 1179 annot,
1151 1096 1341 1182 quibuscum
1364 1119 1434 1160 con·

321 1195 407 1260 feras
429 1197 547 1281 stirpes
569 1191 707 1284 danaim
729 1205 789 1260 etc.

383 1288 593 1376 according
614 1293 760 1380 Theogn.
783 1300 852 1362 521.
881 1294 980 1362 Arcb.
1013 1295 1052 1361 el.
1074 1301 1109 1377 2,
1135 1303 1147 1360 1
1173 1303 1204 1359 61
1225 1290 1435 1380 Λητοΐδης

322 1393 466 1479 Theogn.
492 1398 570 1460 1120
599 1387 785 1478 (Λητοίδης
805 1393 836 1458 Α
857 1393 897 1476 b,
919 1391 1075 1478 λητοΐδης
1096 1396 1213 1476 661611,
1241 1393 1340 1482 idque
1369 1395 1434 1458 iure

321 1490 526 1559 commendat
550 1489 734 1558 Lobeckius
766 1491 929 1580 patholog.
961 1493 1122 1576 616111Π,
1153 1515 1228 1580 pag.
1252 1499 1322 1576 21),
1354 1515 1434 1580 quae

321 1590 524 1657 descendunt
555 1611 576 1653 a
609 1589 819 1657 substantivis
851 1587 985 1676 πάτρως
1017 1603 1049 1658 61
1081 1585 1241 1678 Λητώ1ῳ]
1254 1580 1273 1668 ,’
1300 1613 1433 1680 quorum

321 1693 439 1777 stirpes
461 1699 536 1754 sunt
556 1695 711 1771 narpoFo
734 1700 766 1756 61
786 1693 923 1778 Λητοῆ
945 1692 1023 1770 (vid.
1045 1695 1073 1774 §-
1098 1699 1155 1770 11).

384 1791 422 1856 In
442 1787 516 1852 aliis
538 1786 633 1852 huius
654 1791 782 1874 generis
804 1791 941 1857 vocibus
962 1792 1014 1856 vel
1038 1794 1139 1879 stirps
1159 1793 1193 1855 in
1214 1789 1363 1855 vocalem
1385 1813 1433 1854 ca·

321 1889 378 1972 dit,
406 1911 469 1973 quo
500 1887 653 1952 suffixum
675 1911 696 1954 a
719 1892 858 1977 spiranti
879 1891 1081 1979 (plerumque
1104 1899 1192 1955 certe
1218 1894 1255 1967 F)
1277 1889 1432 1975 incipiens

321 1987 476 2069 accessit,
506 1985 558 2050 vol
579 1989 671 2073 origo
694 1989 863 2055 obscurior
884 2000 950 2073 est,
979 2013 1077 2078 quam
1098 1998 1135 2055 ut
1156 1989 1238 2054 certi
1260 1988 1431 2075 quidquam

320 2088 467 2177 proferre
488 2083 635 2152 audeam.
678 2087 760 2154 Sunt
781 2083 889 2154 autem
910 2090 986 2154 hae:
1338 2158 1345 2163 ,

384 2179 639 2268 ἀγλαΐζομαι
661 2187 739 2253 Sim.
764 2193 792 2271 7,
808 2196 847 2256 70
870 2191 979 2266 (ctiam
1001 2189 1089 2276 apud
1111 2187 1239 2253 Atticos
1262 2188 1430 2262 usitatum).
1499 2179 1500 2190 ¹

372 2279 766 2368 ·ἀορο“1“ζομαιΑ1611.
788 2298 860 2354 tetr.
883 2295 933 2372 00,
956 2313 1006 2376 ep.
1033 2293 1101 2370 104,
1127 2295 1152 2352 1.

383 2379 529 2469 χρηΐζω
550 2384 649 2451 Phoc.
673 2393 701 2469 7,
728 2394 753 2452 1.
776 2387 920 2473 Theogn.
946 2395 1033 2456 1333.

382 2478 507 2561 dodim
530 2483 622 2569 Tyrt.
649 2491 696 2567 11,
721 2492 767 2552 17.

384 2576 483 2663 ζώϊον
507 2581 586 2646 Sim.
611 2587 659 2664 13,
681 2588 709 2649 2.

383 2676 474 2765 θωΐη
495 2680 594 2744 Areia
616 2704 665 2768 ep.
691 2687 758 2750 100.
802 2681 929 2770 „Atque
959 2685 1006 2748 ita
1034 2685 1069 2748 in
1097 2683 1190 2748 titulo
1217 2685 1352 2771 antiquo
1373 2683 1430 2747 Lo-

322 2782 428 2848 crensi
453 2779 648 2842 ΘΟΙΕΣΤΟ
668 2779 808 2868 legitur“
830 2784 984 2870 (Bergk).

382 2872 451 2966 ἤϊα,
474 2872 525 2955 τά,
552 2879 630 2945 Sim.
652 2885 702 2946 31.

383 2973 499 3066 λήϊον
521 2978 666 3066 Theogn.
693 2986 759 3048 107.

380 3071 493 3164 Ἀχαΐη
517 3077 593 3142 Sim.
616 3085 666 3162 23,
693 3091 703 3144 l
728 3079 888 3166 (syllabae
910 3083 1075 3146 seiunctae
1100 3081 1189 3168 apud
1209 3079 1338 3148 Atticos
1360 3101 1429 3168 quo·

321 3202 383 3265 que
404 3179 631 3265 reperiuntur).

386 3273 606 3362 Πολυπαΐδης
626 3276 770 3365 Theogn.
794 3283 843 3346 25.
866 3285 915 3346 57.
938 3283 987 3345 61.
1010 3287 1067 3347 541
1092 3289 1153 3344 616.
1496 3339 1497 3342 ,

382 3373 509 3461 aaroni
531 3377 676 3462 Theogn.
700 3385 769 3444 524.
792 3382 870 3444 592.
887 3384 974 3445 1027.
998 3383 1086 3445 1034.
1109 3387 1117 3410 ·

387 3474 492 3562 Θρῆϊξ
511 3476 607 3541 Arch.
630 3486 669 3542 tr.
693 3482 784 3560 32,1
809 3478 1006 3556 (necessaria
1037 3477 1145 3563 Toupi
1172 3475 1355 3541 emendatio
1376 3495 1428 3562 pro

271 3600 276 3612 ·
323 3577 450 3661 vulgari
475 3573 568 3660 Θρᾷξ
587 3577 771 3662 scriptura),
784 3584 816 3641 61
831 3572 991 3661 Θρηΐκιος
1011 3576 1224 3664 Hipponem,
1239 3583 1265 3641 1.
1286 3577 1352 3640 inc.
1368 3579 1427 3640 120.

386 3671 512 3760 parides
532 3673 633 3761 Hipp.
657 3683 696 3740 tr.
712 3681 752 3741 59
773 3675 854 3740 haec
876 3677 962 3740 enim
982 3676 1089 3740 forma
1109 3673 1310 3742 restituenda
1330 3681 1379 3740 est
1398 3673 1427 3735 in
1495 3689 1496 3724 ³

323 3797 420 3839 versu
449 3772 623 3838 admodum
652 3773 816 3851 mutilato,
847 3775 904 3860 qui
924 3776 959 3840 in
978 3773 1130 3839 Erotiani
1151 3773 1244 3839 libris
1268 3775 1315 3840 sic
1334 3771 1426 3839 tradi·

322 3884 388 3939 tur:
411 3869 496 3954 πρὸς
517 3868 573 3958 τὴν
592 3865 736 3957 μαρίλην
756 3869 831 3948 τοὺς
851 3871 978 3949 παῖδας
1002 3873 1126 3960 (Stepb.
1150 3868 1271 3952 πόδας)
1293 3861 1426 3957 Suppri-

325 3994 405 4047 vrov3
431 3993 534 4058 neque
561 3994 640 4037 vero
670 3971 881 4058 probaverim
912 3973 999 4060 quod
1026 3971 1190 4058 Bergkius
1220 3973 1351 4060 scripsit
1375 3971 1426 4033 ami

323 4067 431 4148 ποδὸς
452 4067 571 4155 φῷόας
592 4065 754 4156 dipacati.
798 4071 870 4138 Non
885 4073 970 4138 enim
988 4073 1065 4138 licet
1075 4075 1212 4138 formam
1235 4080 1424 4138 contractem
