3148 4958
759 1273 976 1371 CAPUT
999 1273 1036 1369 Ι.

339 1561 386 1607 na
409 1555 664 1606 prunorumors
685 1555 782 1602 urse.
805 1553 900 1619 eeu,
928 1554 1020 1632 quan
1044 1532 1085 1598 δα
1113 1552 1261 1600 surmxo
1288 1555 1457 1602 rounam

766 1653 866 1718 suar,
888 1652 1028 1700 emuna.

402 1806 431 1884 ξ.
453 1813 481 1869 4.
511 1803 665 1869 Omnium
686 1802 985 1888 patronymicorum
1006 1799 1103 1884 longe
1124 1801 1337 1869 usitatissima
1352 1803 1458 1866 forma

341 1913 400 1985 est,
421 1925 504 1987 quae
526 1902 725 1966 nominativo
748 1922 825 1963 oasu
848 1899 935 1984 apud
950 1900 1048 1964 Ionas
1069 1901 1103 1962 in
1128 1897 1194 1984 δης,
1217 1901 1304 1986 apud
1318 1901 1457 1965 Dorien-

342 2025 393 2067 ses
415 2013 447 2066 et
467 2001 644 2066 Aeolenses
671 2001 705 2063 in
726 1997 798 2080 δας,
827 1997 915 2084 apud
943 1998 1101 2062 lesbiaoos
1131 1998 1306 2063 Aeolenses
1328 2002 1361 2062 in
1384 1997 1460 2073 διος

312 2132 314 2135 ’
341 2101 468 2166 desinit.
511 2102 695 2188 Antequam
718 2111 826 2163 autem
848 2096 1100 2161 deformatione
1123 2111 1232 2162 eorum
1249 2097 1458 2180 disseramus,
1565 2139 1566 2174 η

341 2201 505 2287 quaedam
528 2200 568 2264 de
598 2198 833 2284 significatione
863 2207 894 2260 et
921 2199 1045 2282 origine
1067 2198 1275 2282 praemittere
1296 2221 1361 2262 non
1381 2197 1458 2262 alie·
1565 2185 1566 2250 l

342 2323 419 2362 num
444 2301 495 2365 sit.

425 2397 634 2482 Significatur
661 2405 769 2459 autem
790 2395 852 2459 hac
871 2395 976 2460 forma
997 2417 1062 2458 non
1086 2393 1189 2458 solum
1210 2393 1295 2458 filius
1323 2405 1358 2458 ut
1380 2397 1455 2479 Πη-

341 2494 416 2572 λεὺς
445 2489 622 2578 Αἰακίδης,
650 2493 708 2557 sed
736 2495 833 2557 etiam
855 2517 957 2579 nepos
987 2504 1022 2556 ut
1042 2485 1205 2570 Ἀχιλλεὺς
1225 2487 1403 2576 Αἰακίδης,
1426 2505 1458 2558 et

341 2618 504 2682 pronepos
526 2606 561 2659 ut
590 2587 827 2672 Νεοπτόλεμος
848 2585 1016 2676 Αἰακίδης
1044 2587 1184 2678 (Tryph.
1207 2597 1289 2674 634),
1320 2593 1458 2678 denique

340 2705 409 2758 tota
438 2717 533 2780 gens,
566 2715 650 2780 quae
683 2715 724 2756 ex
755 2690 865 2755 Aeaeo
900 2692 1057 2776 originem
1091 2690 1190 2756 duoit.
1235 2691 1300 2755 Sed
1334 2701 1457 2756 eertum

341 2793 502 2878 quendam
515 2815 608 2857 usum
627 2792 690 2855 hao
701 2793 734 2854 in
756 2814 792 2854 re
815 2800 930 2875 poetae
960 2801 1152 2878 sequuntur3
1182 2815 1345 2878 nunquam
1371 2793 1457 2855 enim

336 2884 503 2974 Ἀτρείδης
534 2913 633 2956 unum
663 2889 838 2977 quemlibet
866 2889 958 2953 Atrei
985 2891 1092 2971 gentis
1123 2889 1297 2974 significat,
1328 2913 1458 2976 semper
1565 2915 1566 2932 ι

341 3002 397 3054 aut
417 2991 695 3076 Agamemnonem
717 2997 773 3052 aut
789 2988 981 3052 Menelaum.
1025 2988 1114 3052 Gens
1136 3012 1214 3054 vero
1237 3012 1346 3054 eorum
1373 2993 1458 3051 Torr-
1565 3049 1566 3072 3

338 3083 476 3151 ταλίδαι
496 3089 548 3153 vel
570 3081 761 3150 Πελοπίδαι
782 3088 834 3152 vel
860 3081 1100 3151 Πλεισθενίδαι
1127 3088 1256 3165 (Aeseh.
1278 3088 1339 3172 Ag.
1365 3095 1457 3179 1569)
1565 3077 1566 3132 l

340 3187 533 3275 appellatur.
576 3187 614 3251 In
640 3187 712 3250 aliis
734 3188 833 3270 igitur
854 3189 1091 3272 patronymiois
1119 3190 1227 3272 magis
1248 3189 1383 3274 propria
1404 3190 1456 3251 vis

340 3297 502 3370 servatur,
527 3291 562 3352 in
589 3285 662 3350 aliis
684 3289 788 3370 magis
811 3285 987 3370 generalia,
1011 3308 1107 3371 quam
1129 3286 1281 3371 gentilem
1304 3287 1456 3368 dixerim,
1565 3303 1566 3334 ³

338 3387 512 3450 invenitur.

401 3488 431 3565 ξ.
454 3492 482 3549 5.
515 3484 626 3569 Neque
648 3482 816 3568 gentilia
843 3482 932 3546 notio
955 3504 975 3545 a
997 3505 1096 3569 prosa
1123 3485 1269 3548 oratione
1289 3483 1454 3550 abhorret.
1565 3527 1566 3546 2

340 3581 461 3646 Gentes
485 3583 579 3664 enim,
602 3581 793 3667 praesertim
809 3603 922 3666 regum
937 3590 973 3644 ut
990 3575 1224 3662 Ἡρακλεῖδαι,
1248 3577 1452 3663 Σελευκίδαι,

338 3680 391 3744 vel
401 3689 614 3765 tyrannorum
628 3689 664 3744 ut
677 3673 955 3762 Πεισιστρατίδαι,
981 3689 1012 3744 et
1033 3681 1136 3744 tribus
1161 3675 1286 3766 (φυλή),
1311 3693 1345 3746 ut
1363 3684 1453 3768 apud

338 3778 502 3843 Plutarch.
514 3779 629 3845 Periol.
646 3802 672 3846 o.
687 3786 719 3847 3:
741 3777 930 3864 ,Περικλῆς
952 3769 989 3865 ἦν
1002 3781 1068 3840 τῶν
1080 3775 1141 3858 μὲν
1156 3777 1272 3864 φυλῶν
1289 3772 1452 3860 Ἀκαμαν-

337 3868 464 3959 τίδης,“
487 3889 519 3941 et
533 3881 642 3942 euriae
663 3877 787 3963 (δῆμος)
809 3887 844 3941 ut
856 3871 1072 3950 Ααιδαλίδαι,
1099 3869 1288 3958 Εὖτιυρίδαι
1312 3890 1371 3944 eto.
1395 3905 1451 3966 pa-

337 3975 516 4062 tronymiee
547 3977 779 4062 significantur.
822 3972 946 4067 Δήμων
966 3969 1126 4042 notionem
1149 3977 1302 4041 nonnulla
1323 4001 1452 4065 quoque

338 4073 466 4138 urbium
494 4077 627 4140 nomina
653 4077 687 4138 in
717 4074 775 4138 δαι
804 4085 840 4139 ut
866 4067 1051 4151 Οἶκειάδαι,
1077 4070 1264 4158 Βοιταχίδαι
1286 4078 1448 4164 principio
