3056 4968
847 417 923 526 178Ι

322 598 453 664 Servil:
475 599 543 666 Neo
556 599 655 666 facito
670 602 753 684 [quo]
771 600 882 662 minus
897 597 1104 680 cedmae-liat,
1126 597 1310 675 iudicetur)
1333 619 1453 684 neque

322 699 356 762 in
378 699 458 784 ipsis
481 697 546 764 illis
569 699 648 764 locis
670 699 856 764 necessaria
878 698 983 776 est.²³)
1019 697 1117 764 Nulla
1139 699 1224 764 enim
1239 720 1358 764 caussa
1384 707 1450 777 est,

321 821 378 862 cur
397 797 587 864 recedamus
620 822 640 864 a
670 791 797 882 volgari
826 807 923 883 atque
944 798 1065 862 usitata
1094 795 1309 882 explicatione
1336 801 1450 878 aliter,

321 895 415 962 verbi
436 918 553 962 caussa
575 901 664 960 aliter
686 909 774 978 atque
795 907 921 977 oportet,
944 895 1062 962 deinde
1083 899 1241 962 ramosior.
1275 895 1327 968 'Et
1349 895 1452 982 quod

321 993 489 1062 Charisius
514 996 626 1071 (instit.
648 1017 785 1080 gramm.
808 993 864 1058 lib.
879 993 921 1058 Π.
945 1017 978 1081 p.
997 1002 1062 1064 194.
1085 995 1229 1072 Putscln)
1254 995 1359 1076 affert,
1387 995 1452 1080 qui

322 1093 479 1180 explicat:
502 1099 596 1158 reciae
618 1093 805 1158 tarditatem
827 1094 975 1160 facientis
996 1095 1128 1172 indicet,
1151 1095 1253 1160 serius
1268 1095 1451 1178 temporis,

319 1195 396 1258 item
409 1192 502 1258 nihili
513 1192 751 1260 aestimandum
761 1201 820 1272 est,
830 1193 952 1279 quippe
963 1192 1051 1279 quod
1061 1217 1102 1264 ne
1112 1195 1147 1258 in
1156 1193 1241 1262 hunc
1253 1191 1391 1280 quidem
1402 1191 1453 1256 ab

322 1295 394 1379 ipso
409 1291 559 1359 Charisio
581 1292 748 1358 laudatum
769 1290 875 1356 locum
898 1291 995 1356 cadat
1010 1291 1122 1378 (Verg.
1139 1289 1451 1376 Georg.111‚367):

382 1397 505 1454 Interea
527 1404 585 1454 toto
604 1415 665 1454 oon
686 1395 780 1454 secius
802 1399 871 1454 aere
891 1396 1017 1472 enupsit,

384 1493 417 1554 in
439 1513 501 1578 quo
524 1513 580 1555 cur
602 1489 779 1554 reiicienda
801 1489 843 1553 sit
863 1491 952 1554 notio
975 1495 1065 1552 aliter
1088 1511 1153 1556 non
1173 1488 1277 1557 video.

384 1589 616 1654 Verumtamen
643 1588 690 1667 (id
712 1587 799 1675 quod
826 1611 900 1652 cum
927 1598 1040 1656 nostra
1062 1588 1251 1676 quaestione
1271 1587 1451 1653 artissime

323 1688 485 1765 cohaeret)
500 1687 681 1752 Corssenus
703 1710 762 1752 sua
782 1687 999 1774 explicatione
1020 1689 1054 1752 in
1076 1685 1164 1754 idem
1181 1686 1329 1766 recurrit,
1345 1686 1451 1772 quod

322 1811 382 1852 nos
405 1787 655 1853 demonstraturi
686 1809 813 1867 sumus,
841 1787 913 1872 ipse
939 1787 1087 1872 negavit:
1121 1790 1331 1854 ceonsonam
1356 1784 1451 1848 elidi

323 1897 398 1958 ante
420 1900 438 1954 t.
481 1887 565 1952 Nam
595 1887 734 1950 formem
758 1887 902 1969 *septica
935 1908 1034 1970 quam
1062 1885 1244 1965 substituit,
1271 1886 1305 1949 iu
1325 1891 1449 1946 sentim

321 1987 490 2050 transiisse
518 2007 650 2049 necesse
679 1994 742 2066 est,
775 1985 859 2051 sicut
882 1998 973 2051 octus
1004 2008 1065 2072 pro
1091 1986 1218 2066 *aetna
1249 1989 1346 2048 lectra
1378 2005 1448 2068 pre

320 2087 444 2166 *teptns
487 2084 570 2148 Tum
602 2084 751 2148 formatio
783 2083 871 2148 nulla
902 2083 968 2150 alia
989 2106 1061 2150 esse
1092 2092 1215 2172 potest,
1243 2081 1315 2146 nisi⁴
1334 2101 1445 2166 quam

318 2183 551 2250 Fleckeisenus
577 2183 761 2272 proposuit:
792 2183 949 2248 omittitur
974 2184 1097 2248 enimc
1125 2192 1200 2248 ante
1222 2193 1234 2244 t
1255 2202 1441 2247 consonam

321 2293 352 2346 et
373 2282 564 2370 producitur
586 2281 858 2368 compensationis
880 2281 1048 2354 cuiusdam
1067 2301 1184 2346 caussa
1200 2278 1324 2346 vocalis
1339 2301 1443 2366 pree

322 2381 450 2464 cedens,
473 2403 556 2466 quae
578 2381 612 2446 in
635 2379 776 2466 simplici
795 2381 900 2446 forma
921 2383 1006 2444 sicas
1027 2379 1137 2450 brevis
1158 2387 1218 2446 est.

382 2479 476 2559 Quae
496 2483 525 2546 si
544 2489 632 2545 reete
647 2479 895 2565 disputavimus,
917 2480 951 2544 in
965 2478 1066 2548 verbe
1086 2482 1177 2542 setius
1192 2501 1252 2564 pre
1266 2487 1442 2566 comperto

321 2579 524 2662 habebimus,
548 2603 562 2640 c
584 2599 758 2644 consonam
781 2577 912 2646 extrudi
932 2588 1007 2644 ante
1028 2591 1049 2640 t.

331 2689 332 2693 ’
381 2678 494 2764 Neque
518 2678 611 2743 aliter
633 2677 673 2742 de
694 2677 804 2744 verbis
826 2681 953 2760 ionitae,
984 2680 1130 2759 innitare,
1152 2679 1248 2740 vitare
1269 2675 1438 2744 existima

320 2777 538 2864 Posteaquam
560 2799 599 2842 ea
620 2799 703 2863 quae
724 2775 958 2840 Fleckeisenus
980 2775 1012 2852 (l.
1028 2774 1062 2852 l.)
1079 2784 1111 2840 et
1126 2774 1258 2842 Curtius
1272 2775 1305 2838 in
1320 2773 1439 2860 philol.

320 2876 428 2942 annal.
443 2875 534 2953 (XCI
552 2872 657 2962 [1865]
673 2898 704 2962 p.
720 2881 778 2941 126
791 2879 850 2960 sq.)
870 2885 1092 2961 exposuerunt
1106 2873 1279 2962 diligenter
1295 2875 1440 2958 cognovi

320 2985 352 3040 et
373 2975 531 3063 perpendi
564 2975 621 3038 vix
656 2973 872 3038 dubitandum
900 2996 972 3040 esse
999 2973 1144 3038 arbitror
1173 2974 1252 3057 quin
1279 2977 1438 3037 invitare
1526 3029 1527 3036 ,

320 3073 389 3140 rad.
411 3073 543 3138 fluxerit
560 3093 632 3161 fex,
657 3082 787 3137 servata
808 3073 842 3136 in
864 3064 949 3136 ἑκών
969 3083 1001 3136 et
1022 3071 1092 3138 Ser.
1113 3095 1169 3152 νας
1187 3071 1311 3154 wellen,
1335 3093 1437 3157 aqua

323 3172 493 3238 descendit
514 3182 596 3258 part
617 3173 770 3254 *vinitas‚.
785 3173 959 3250 *lavicana
986 3169 1075 3258 quod
1095 3181 1230 3258 propter
1250 3170 1436 3236 litterarum

322 3273 480 3336 rationem
502 3270 677 3358 respondet
700 3269 757 3336 Gr.
774 3261 949 3359 ‹i-feaqeog
969 3270 1023 3346 (cf.
1045 3260 1161 3354 ἀέκητι
1182 3269 1270 3356 apud
1293 3270 1413 3347 Hom).

383 3371 527 3437 Verbum
556 3379 663 3434 autem
685 3373 813 3430 innitare
845 3378 1045 3434 contractum
1073 3377 1185 3434 estex
1207 3372 1434 3449 *iooie(i)tore,
1526 3429 1527 3460 ,

319 3471 519 3550 *inimicare
540 3466 610 3533 rad.
633 3491 684 3529 occ
706 3469 757 3544 (cf.
782 3467 839 3535 Gr.
858 3472 941 3556 fes),
962 3471 1060 3530 vitare
1083 3489 1125 3534 ex
1147 3469 1336 3550 *vic(e)tnre‚
1362 3466 1431 3532 red
1526 3489 1527 3544 l

318 3572 365 3630 vic
385 3569 438 3646 (cf.
461 3565 517 3632 Gr.
536 3571 616 3655 fea).

382 3665 478 3748 Quod
497 3687 574 3732 vero
597 3668 712 3730 attinet
735 3665 778 3732 ad
799 3664 990 3732 vocabulum
1010 3668 1140 3746 suspicio
1160 3686 1181 3728 a
1202 3664 1307 3732 verbo
1328 3665 1428 3750 suspi-

317 3819 526 3832 -n-——n—-OE-

369 3917 413 3983 23)
430 3912 472 3970 ef.
491 3912 610 3982 Curtius,
628 3912 706 3968 elem.
724 3918 806 3983 etym.
823 3931 850 3984 p.
866 3917 929 3967 665:
953 3911 1013 3966 Der
1029 3909 1180 3982 Etymolog
1196 3925 1272 3965 mum
1293 3909 1351 3963 sich
1368 3907 1427 3961 sehr

281 4001 284 4008 ’
319 3998 407 4052 htiten
425 3997 487 4051 eine
504 3997 694 4068 Vorstellung‚
713 3997 758 4050 die
775 3995 865 4050 elnam
882 3995 980 4052 Worte
997 3993 1135 4049 allenfnlls
1153 4011 1188 4048 au
1206 3991 1323 4048 amne
1339 3991 1425 4061 liegen

318 4081 428 4150 kann,
446 4081 538 4152 gleieh
555 4081 597 4135 als
615 4079 775 4134 wirklich
791 4079 848 4132 ihm
864 4077 1033 4146 aanrunde
1050 4078 1163 4150 liegend
1180 4075 1369 4134 ninaustellen,
