<?xml version="1.0" encoding="UTF-8"?>
<!DOCTYPE html PUBLIC "-//W3C//DTD XHTML 1.0 Transitional//EN"
    "http://www.w3.org/TR/xhtml1/DTD/xhtml1-transitional.dtd">
<html xmlns="http://www.w3.org/1999/xhtml" xml:lang="en" lang="en">
 <head>
  <title>
</title>
<meta http-equiv="Content-Type" content="text/html;charset=utf-8" />
  <meta name='ocr-system' content='tesseract 3.04.00' />
  <meta name='ocr-capabilities' content='ocr_page ocr_carea ocr_par ocr_line ocrx_word'/>
</head>
<body>
  <div class='ocr_page' id='page_1' title='image "./studienzurgriec00vanigoog/studienzurgriec00vanigoog_0409.png"; bbox 0 0 3056 4968; ppageno 0'>
   <div class='ocr_carea' id='block_1_1' title="bbox 586 483 641 547">
    <p class='ocr_par' dir='ltr' id='par_1_1' title="bbox 586 483 641 547">
     <span class='ocr_line' id='line_1_1' title="bbox 586 483 641 547; baseline 0 -1"><span class='ocrx_word' id='word_1_1' title='bbox 586 483 641 547; x_wconf 76' lang='lat'>121</span> 
     </span>
    </p>
   </div>
   <div class='ocr_carea' id='block_1_2' title="bbox 521 565 729 580">
    <p class='ocr_par' dir='ltr' id='par_1_2' title="bbox 521 565 729 580">
     <span class='ocr_line' id='line_1_2' title="bbox 521 565 729 580; baseline 0.01 -2"><span class='ocrx_word' id='word_1_2' title='bbox 521 565 729 580; x_wconf 51' lang='lat' dir='ltr'>..n-u*</span> 
     </span>
    </p>
   </div>
   <div class='ocr_carea' id='block_1_3' title="bbox 66 659 1230 3825">
    <p class='ocr_par' dir='ltr' id='par_1_3' title="bbox 66 659 1230 3512">
     <span class='ocr_line' id='line_1_3' title="bbox 68 659 1171 750; baseline -0.002 -24"><span class='ocrx_word' id='word_1_3' title='bbox 68 683 118 726; x_wconf 87' lang='lat' dir='ltr'>oss</span> <span class='ocrx_word' id='word_1_4' title='bbox 146 661 241 740; x_wconf 87' lang='lat' dir='ltr'>(sicut</span> <span class='ocrx_word' id='word_1_5' title='bbox 269 663 366 728; x_wconf 85' lang='lat' dir='ltr'>etiam</span> <span class='ocrx_word' id='word_1_6' title='bbox 395 663 543 742; x_wconf 81' lang='lat' dir='ltr'>Curtius)</span> <span class='ocrx_word' id='word_1_7' title='bbox 571 685 612 728; x_wconf 85' lang='lat' dir='ltr'>ex</span> <span class='ocrx_word' id='word_1_8' title='bbox 638 659 765 730; x_wconf 80' lang='lat' dir='ltr'>duabus</span> <span class='ocrx_word' id='word_1_9' title='bbox 795 661 944 750; x_wconf 81' lang='lat' dir='ltr'>partibus</span> <span class='ocrx_word' id='word_1_10' title='bbox 974 659 1171 747; x_wconf 88' lang='lat' dir='ltr'>compositas</span> 
     </span>
     <span class='ocr_line' id='line_1_4' title="bbox 67 759 1171 850; baseline -0.002 -26"><span class='ocrx_word' id='word_1_11' title='bbox 67 783 134 826; x_wconf 91' lang='lat' dir='ltr'>esse</span> <span class='ocrx_word' id='word_1_12' title='bbox 154 760 297 844; x_wconf 87' lang='lat' dir='ltr'>videret,</span> <span class='ocrx_word' id='word_1_13' title='bbox 331 773 423 848; x_wconf 91' lang='lat' dir='ltr'>post</span> <span class='ocrx_word' id='word_1_14' title='bbox 451 771 608 845; x_wconf 88' lang='lat' dir='ltr'>tenues,</span> <span class='ocrx_word' id='word_1_15' title='bbox 641 762 702 827; x_wconf 90' lang='lat' dir='ltr'>vel</span> <span class='ocrx_word' id='word_1_16' title='bbox 734 763 871 850; x_wconf 91' lang='lat' dir='ltr'>potius</span> <span class='ocrx_word' id='word_1_17' title='bbox 899 783 975 826; x_wconf 87' lang='lat' dir='ltr'>una</span> <span class='ocrx_word' id='word_1_18' title='bbox 1002 781 1085 825; x_wconf 90' lang='lat' dir='ltr'>cum</span> <span class='ocrx_word' id='word_1_19' title='bbox 1112 759 1171 822; x_wconf 91' lang='lat' dir='ltr'>iis</span> 
     </span>
     <span class='ocr_line' id='line_1_5' title="bbox 66 857 1171 949; baseline -0.003 -25"><span class='ocrx_word' id='word_1_20' title='bbox 66 881 136 924; x_wconf 91' lang='lat' dir='ltr'>non</span> <span class='ocrx_word' id='word_1_21' title='bbox 166 861 355 948; x_wconf 89' lang='lat' dir='ltr'>spiritum</span> <span class='ocrx_word' id='word_1_22' title='bbox 389 883 578 949; x_wconf 90' lang='lat' dir='ltr'>asperum</span> <span class='ocrx_word' id='word_1_23' title='bbox 610 861 679 927; x_wconf 91' lang='lat' dir='ltr'>sed</span> <span class='ocrx_word' id='word_1_24' title='bbox 712 863 938 948; x_wconf 73' lang='lat' dir='ltr'><strong>spirantem</strong></span> <span class='ocrx_word' id='word_1_25' title='bbox 969 857 1171 948; x_wconf 86' lang='lat' dir='ltr'>quandam</span> 
     </span>
     <span class='ocr_line' id='line_1_6' title="bbox 67 955 1170 1048; baseline -0.002 -25"><span class='ocrx_word' id='word_1_26' title='bbox 67 958 245 1024; x_wconf 87' lang='lat' dir='ltr'>auditam</span> <span class='ocrx_word' id='word_1_27' title='bbox 267 981 356 1024; x_wconf 89' lang='lat' dir='ltr'>esse</span> <span class='ocrx_word' id='word_1_28' title='bbox 375 959 547 1044; x_wconf 86' lang='lat' dir='ltr'>iudicavit,</span> <span class='ocrx_word' id='word_1_29' title='bbox 568 982 651 1048; x_wconf 83' lang='lat' dir='ltr'>quae</span> <span class='ocrx_word' id='word_1_30' title='bbox 672 961 802 1046; x_wconf 89' lang='lat' dir='ltr'>quidem</span> <span class='ocrx_word' id='word_1_31' title='bbox 822 962 981 1041; x_wconf 89' lang='lat' dir='ltr'>nascitur,</span> <span class='ocrx_word' id='word_1_32' title='bbox 1006 960 1034 1022; x_wconf 93' lang='lat' dir='ltr'>si</span> <span class='ocrx_word' id='word_1_33' title='bbox 1057 955 1170 1022; x_wconf 89' lang='lat' dir='ltr'>eodem</span> 
     </span>
     <span class='ocr_line' id='line_1_7' title="bbox 67 1056 1171 1146; baseline -0.001 -25"><span class='ocrx_word' id='word_1_34' title='bbox 67 1056 130 1122; x_wconf 82' lang='lat' dir='ltr'>lere</span> <span class='ocrx_word' id='word_1_35' title='bbox 153 1067 240 1124; x_wconf 89' lang='lat' dir='ltr'>statu</span> <span class='ocrx_word' id='word_1_36' title='bbox 261 1058 391 1144; x_wconf 79' lang='lat' dir='ltr'>linguae</span> <span class='ocrx_word' id='word_1_37' title='bbox 413 1061 544 1142; x_wconf 88' lang='lat' dir='ltr'>eteris,</span> <span class='ocrx_word' id='word_1_38' title='bbox 580 1081 643 1146; x_wconf 89' lang='lat' dir='ltr'>quo</span> <span class='ocrx_word' id='word_1_39' title='bbox 671 1067 783 1126; x_wconf 89' lang='lat' dir='ltr'>tenues</span> <span class='ocrx_word' id='word_1_40' title='bbox 813 1060 941 1126; x_wconf 77' lang='lat' dir='ltr'>litterae</span> <span class='ocrx_word' id='word_1_41' title='bbox 962 1059 1171 1145; x_wconf 84' lang='lat' dir='ltr'>pronuntiari-</span> 
     </span>
     <span class='ocr_line' id='line_1_8' title="bbox 67 1153 1169 1246; baseline -0.001 -26"><span class='ocrx_word' id='word_1_42' title='bbox 67 1165 130 1239; x_wconf 83' lang='lat' dir='ltr'>tur,</span> <span class='ocrx_word' id='word_1_43' title='bbox 164 1169 293 1224; x_wconf 87' lang='lat' dir='ltr'>servato</span> <span class='ocrx_word' id='word_1_44' title='bbox 322 1157 456 1246; x_wconf 90' lang='lat' dir='ltr'>spiritus</span> <span class='ocrx_word' id='word_1_45' title='bbox 483 1181 524 1223; x_wconf 86' lang='lat' dir='ltr'>ex</span> <span class='ocrx_word' id='word_1_46' title='bbox 552 1160 672 1224; x_wconf 88' lang='lat' dir='ltr'>arteria</span> <span class='ocrx_word' id='word_1_47' title='bbox 700 1157 823 1223; x_wconf 87' lang='lat' dir='ltr'>evadit:</span> <span class='ocrx_word' id='word_1_48' title='bbox 859 1158 898 1244; x_wconf 65' lang='lat' dir='ltr'>cf,</span> <span class='ocrx_word' id='word_1_49' title='bbox 927 1157 1075 1239; x_wconf 77' lang='lat' dir='ltr'>Brbcke,</span> <span class='ocrx_word' id='word_1_50' title='bbox 1106 1155 1126 1220; x_wconf 93' lang='lat' dir='ltr'>l.</span> <span class='ocrx_word' id='word_1_51' title='bbox 1148 1153 1169 1220; x_wconf 92' lang='lat' dir='ltr'>l.</span> 
     </span>
     <span class='ocr_line' id='line_1_9' title="bbox 67 1255 1172 1342; baseline 0 -22"><span class='ocrx_word' id='word_1_52' title='bbox 67 1277 136 1342; x_wconf 87' lang='lat' dir='ltr'>pag.</span> <span class='ocrx_word' id='word_1_53' title='bbox 158 1263 212 1324; x_wconf 81' lang='lat'>59:</span> <span class='ocrx_word' id='word_1_54' title='bbox 243 1257 410 1340; x_wconf 85' lang='lat' dir='ltr'>„Denken</span> <span class='ocrx_word' id='word_1_55' title='bbox 436 1260 495 1324; x_wconf 82' lang='lat' dir='ltr'>wir</span> <span class='ocrx_word' id='word_1_56' title='bbox 522 1281 582 1322; x_wconf 91' lang='lat' dir='ltr'>uns</span> <span class='ocrx_word' id='word_1_57' title='bbox 604 1280 688 1340; x_wconf 86' lang='lat' dir='ltr'>nun,</span> <span class='ocrx_word' id='word_1_58' title='bbox 717 1257 794 1322; x_wconf 89' lang='lat' dir='ltr'>dass</span> <span class='ocrx_word' id='word_1_59' title='bbox 816 1255 874 1321; x_wconf 89' lang='lat' dir='ltr'>der</span> <span class='ocrx_word' id='word_1_60' title='bbox 896 1255 1089 1322; x_wconf 86' lang='lat' dir='ltr'>Verschluss</span> <span class='ocrx_word' id='word_1_61' title='bbox 1110 1277 1172 1320; x_wconf 84' lang='lat' dir='ltr'>nur</span> 
     </span>
     <span class='ocr_line' id='line_1_10' title="bbox 68 1355 1171 1443; baseline 0.001 -25"><span class='ocrx_word' id='word_1_62' title='bbox 68 1355 115 1418; x_wconf 90' lang='lat' dir='ltr'>ein</span> <span class='ocrx_word' id='word_1_63' title='bbox 135 1357 243 1442; x_wconf 84' lang='lat' dir='ltr'>wenig</span> <span class='ocrx_word' id='word_1_64' title='bbox 264 1358 405 1443; x_wconf 75' lang='lat' dir='ltr'>gebffnet</span> <span class='ocrx_word' id='word_1_65' title='bbox 425 1357 517 1440; x_wconf 84' lang='lat' dir='ltr'>wird,</span> <span class='ocrx_word' id='word_1_66' title='bbox 541 1380 577 1421; x_wconf 93' lang='lat' dir='ltr'>so</span> <span class='ocrx_word' id='word_1_67' title='bbox 598 1379 686 1422; x_wconf 85' lang='lat' dir='ltr'>muse</span> <span class='ocrx_word' id='word_1_68' title='bbox 704 1357 763 1422; x_wconf 88' lang='lat' dir='ltr'>der</span> <span class='ocrx_word' id='word_1_69' title='bbox 777 1355 899 1422; x_wconf 79' lang='lat' dir='ltr'>Tenuis</span> <span class='ocrx_word' id='word_1_70' title='bbox 916 1356 965 1421; x_wconf 88' lang='lat' dir='ltr'>als</span> <span class='ocrx_word' id='word_1_71' title='bbox 981 1355 1171 1442; x_wconf 84' lang='lat' dir='ltr'>Aspiration</span> 
     </span>
     <span class='ocr_line' id='line_1_11' title="bbox 67 1453 1172 1543; baseline 0 -26"><span class='ocrx_word' id='word_1_72' title='bbox 67 1453 120 1518; x_wconf 85' lang='lat' dir='ltr'>des</span> <span class='ocrx_word' id='word_1_73' title='bbox 154 1455 411 1543; x_wconf 89' lang='lat' dir='ltr'>entsprechende</span> <span class='ocrx_word' id='word_1_74' title='bbox 440 1455 769 1541; x_wconf 80' lang='lat' dir='ltr'>Reibungsgertuscb</span> <span class='ocrx_word' id='word_1_75' title='bbox 802 1454 897 1532; x_wconf 89' lang='lat' dir='ltr'>oder,</span> <span class='ocrx_word' id='word_1_76' title='bbox 928 1457 990 1520; x_wconf 88' lang='lat' dir='ltr'>wie</span> <span class='ocrx_word' id='word_1_77' title='bbox 1023 1453 1092 1520; x_wconf 89' lang='lat' dir='ltr'>eicb</span> <span class='ocrx_word' id='word_1_78' title='bbox 1118 1453 1172 1520; x_wconf 89' lang='lat' dir='ltr'>die</span> 
     </span>
     <span class='ocr_line' id='line_1_12' title="bbox 68 1551 1172 1642; baseline 0 -26"><span class='ocrx_word' id='word_1_79' title='bbox 68 1551 451 1642; x_wconf 84' lang='lat' dir='ltr'>Sanskritgrammatiker</span> <span class='ocrx_word' id='word_1_80' title='bbox 473 1555 695 1638; x_wconf 66' lang='lat' dir='ltr'>madreciso,</span> <span class='ocrx_word' id='word_1_81' title='bbox 726 1554 813 1638; x_wconf 84' lang='lat' dir='ltr'>„der</span> <span class='ocrx_word' id='word_1_82' title='bbox 839 1552 1172 1642; x_wconf 86' lang='lat' dir='ltr'>correspondierende</span> 
     </span>
     <span class='ocr_line' id='line_1_13' title="bbox 68 1650 1171 1742; baseline 0.001 -27"><span class='ocrx_word' id='word_1_83' title='bbox 68 1650 184 1717; x_wconf 85' lang='lat' dir='ltr'>Wind“</span> <span class='ocrx_word' id='word_1_84' title='bbox 205 1653 322 1739; x_wconf 85' lang='lat' dir='ltr'>folgen.</span> <span class='ocrx_word' id='word_1_85' title='bbox 351 1653 424 1718; x_wconf 90' lang='lat' dir='ltr'>Wir</span> <span class='ocrx_word' id='word_1_86' title='bbox 446 1653 590 1719; x_wconf 89' lang='lat' dir='ltr'>erbalten</span> <span class='ocrx_word' id='word_1_87' title='bbox 612 1655 657 1742; x_wconf 83' lang='lat' dir='ltr'>pf,</span> <span class='ocrx_word' id='word_1_88' title='bbox 680 1663 719 1736; x_wconf 89' lang='lat' dir='ltr'>ts,</span> <span class='ocrx_word' id='word_1_89' title='bbox 741 1654 793 1732; x_wconf 71' lang='lat' dir='ltr'>kx,</span> <span class='ocrx_word' id='word_1_90' title='bbox 819 1675 883 1719; x_wconf 88' lang='lat' dir='ltr'>von</span> <span class='ocrx_word' id='word_1_91' title='bbox 906 1654 1010 1720; x_wconf 87' lang='lat' dir='ltr'>denen</span> <span class='ocrx_word' id='word_1_92' title='bbox 1034 1652 1102 1719; x_wconf 85' lang='lat' dir='ltr'>sich</span> <span class='ocrx_word' id='word_1_93' title='bbox 1117 1651 1171 1739; x_wconf 87' lang='lat' dir='ltr'>ph,</span> 
     </span>
     <span class='ocr_line' id='line_1_14' title="bbox 67 1749 1173 1839; baseline 0.001 -25"><span class='ocrx_word' id='word_1_94' title='bbox 67 1749 97 1814; x_wconf 85' lang='lat' dir='ltr'>th</span> <span class='ocrx_word' id='word_1_95' title='bbox 117 1752 182 1817; x_wconf 92' lang='lat' dir='ltr'>und</span> <span class='ocrx_word' id='word_1_96' title='bbox 204 1752 251 1818; x_wconf 86' lang='lat' dir='ltr'>kb</span> <span class='ocrx_word' id='word_1_97' title='bbox 271 1752 424 1839; x_wconf 85' lang='lat' dir='ltr'>lediglicb</span> <span class='ocrx_word' id='word_1_98' title='bbox 451 1751 553 1818; x_wconf 89' lang='lat' dir='ltr'>durch</span> <span class='ocrx_word' id='word_1_99' title='bbox 576 1753 628 1818; x_wconf 91' lang='lat' dir='ltr'>die</span> <span class='ocrx_word' id='word_1_100' title='bbox 651 1752 774 1818; x_wconf 76' lang='lat' dir='ltr'>Grbsse</span> <span class='ocrx_word' id='word_1_101' title='bbox 796 1753 854 1818; x_wconf 90' lang='lat' dir='ltr'>der</span> <span class='ocrx_word' id='word_1_102' title='bbox 873 1753 1037 1838; x_wconf 85' lang='lat' dir='ltr'>Oeffnung</span> <span class='ocrx_word' id='word_1_103' title='bbox 1063 1762 1173 1816; x_wconf 88' lang='lat' dir='ltr'>unter-</span> 
     </span>
     <span class='ocr_line' id='line_1_15' title="bbox 68 1849 1171 1939; baseline 0.002 -27"><span class='ocrx_word' id='word_1_104' title='bbox 68 1850 230 1935; x_wconf 87' lang='lat' dir='ltr'>scheiden,</span> <span class='ocrx_word' id='word_1_105' title='bbox 251 1849 372 1916; x_wconf 79' lang='lat' dir='ltr'>welche</span> <span class='ocrx_word' id='word_1_106' title='bbox 390 1853 600 1918; x_wconf 85' lang='lat' dir='ltr'>unmittelbar</span> <span class='ocrx_word' id='word_1_107' title='bbox 619 1852 703 1918; x_wconf 83' lang='lat' dir='ltr'>nach</span> <span class='ocrx_word' id='word_1_108' title='bbox 717 1853 851 1939; x_wconf 79' lang='lat' dir='ltr'>Lbsung</span> <span class='ocrx_word' id='word_1_109' title='bbox 870 1851 927 1916; x_wconf 84' lang='lat' dir='ltr'>des</span> <span class='ocrx_word' id='word_1_110' title='bbox 942 1850 1171 1917; x_wconf 86' lang='lat' dir='ltr'>Verscblusses</span> 
     </span>
     <span class='ocr_line' id='line_1_16' title="bbox 68 1949 1172 2038; baseline 0.002 -26"><span class='ocrx_word' id='word_1_111' title='bbox 68 1949 463 2038; x_wconf 86' lang='lat' dir='ltr'>imMundoanalgebildet</span> <span class='ocrx_word' id='word_1_112' title='bbox 475 1951 588 2016; x_wconf 87' lang='lat' dir='ltr'>wird.“</span> <span class='ocrx_word' id='word_1_113' title='bbox 612 1951 710 2016; x_wconf 85' lang='lat' dir='ltr'>Tales</span> <span class='ocrx_word' id='word_1_114' title='bbox 722 1951 824 2036; x_wconf 84' lang='lat' dir='ltr'>igitur</span> <span class='ocrx_word' id='word_1_115' title='bbox 837 1973 932 2016; x_wconf 83' lang='lat' dir='ltr'>sonos</span> <span class='ocrx_word' id='word_1_116' title='bbox 939 1950 1101 2015; x_wconf 84' lang='lat' dir='ltr'>Bn&#39;ickius</span> <span class='ocrx_word' id='word_1_117' title='bbox 1113 1969 1172 2035; x_wconf 90' lang='lat' dir='ltr'>per</span> 
     </span>
     <span class='ocr_line' id='line_1_17' title="bbox 69 2046 1173 2136; baseline 0.003 -25"><span class='ocrx_word' id='word_1_118' title='bbox 69 2046 156 2136; x_wconf 74' lang='lat' dir='ltr'>kxpf</span> <span class='ocrx_word' id='word_1_119' title='bbox 165 2059 196 2114; x_wconf 92' lang='lat' dir='ltr'>ts</span> <span class='ocrx_word' id='word_1_120' title='bbox 213 2048 444 2116; x_wconf 84' lang='lat' dir='ltr'>describendos</span> <span class='ocrx_word' id='word_1_121' title='bbox 461 2071 532 2118; x_wconf 89' lang='lat' dir='ltr'>esse</span> <span class='ocrx_word' id='word_1_122' title='bbox 545 2059 656 2135; x_wconf 87' lang='lat' dir='ltr'>putat:</span> <span class='ocrx_word' id='word_1_123' title='bbox 671 2049 831 2136; x_wconf 85' lang='lat' dir='ltr'>equidem,</span> <span class='ocrx_word' id='word_1_124' title='bbox 845 2050 997 2136; x_wconf 89' lang='lat' dir='ltr'>quoniam</span> <span class='ocrx_word' id='word_1_125' title='bbox 1013 2051 1046 2113; x_wconf 91' lang='lat' dir='ltr'>in</span> <span class='ocrx_word' id='word_1_126' title='bbox 1060 2049 1173 2134; x_wconf 78' lang='lat' dir='ltr'>lingua</span> 
     </span>
     <span class='ocr_line' id='line_1_18' title="bbox 71 2145 1169 2237; baseline -0.003 -25"><span class='ocrx_word' id='word_1_127' title='bbox 71 2145 192 2214; x_wconf 81' lang='lat' dir='ltr'>Graeca</span> <span class='ocrx_word' id='word_1_128' title='bbox 213 2171 397 2232; x_wconf 87' lang='lat' dir='ltr'>versamur,</span> <span class='ocrx_word' id='word_1_129' title='bbox 426 2149 511 2214; x_wconf 85' lang='lat' dir='ltr'>benc</span> <span class='ocrx_word' id='word_1_130' title='bbox 533 2149 782 2237; x_wconf 76' lang='lat' dir='ltr'>descriptionem</span> <span class='ocrx_word' id='word_1_131' title='bbox 804 2170 822 2226; x_wconf 83' lang='grc' dir='ltr'><em>χ</em></span> <span class='ocrx_word' id='word_1_132' title='bbox 844 2177 883 2202; x_wconf 87' lang='lat'>=</span> <span class='ocrx_word' id='word_1_133' title='bbox 906 2169 961 2226; x_wconf 84' lang='grc' dir='ltr'>κχ,</span> <span class='ocrx_word' id='word_1_134' title='bbox 994 2169 1020 2234; x_wconf 80' lang='grc' dir='ltr'><em>φ</em></span> <span class='ocrx_word' id='word_1_135' title='bbox 1043 2175 1083 2200; x_wconf 88' lang='lat'>=</span> <span class='ocrx_word' id='word_1_136' title='bbox 1104 2169 1169 2232; x_wconf 85' lang='grc' dir='ltr'>πφ,</span> 
     </span>
     <span class='ocr_line' id='line_1_19' title="bbox 70 2245 1173 2336; baseline 0.001 -26"><span class='ocrx_word' id='word_1_137' title='bbox 70 2265 145 2306; x_wconf 75' lang='lat' dir='ltr'>r=</span> <span class='ocrx_word' id='word_1_138' title='bbox 163 2249 213 2310; x_wconf 73' lang='grc' dir='ltr'>τθ</span> <span class='ocrx_word' id='word_1_139' title='bbox 233 2247 452 2334; x_wconf 86' lang='lat' dir='ltr'>praetulerim.</span> <span class='ocrx_word' id='word_1_140' title='bbox 490 2249 692 2336; x_wconf 77' lang='lat' dir='ltr'>Quamquam</span> <span class='ocrx_word' id='word_1_141' title='bbox 717 2250 802 2313; x_wconf 91' lang='lat' dir='ltr'>enim</span> <span class='ocrx_word' id='word_1_142' title='bbox 825 2245 937 2312; x_wconf 84' lang='lat' dir='ltr'>tenues</span> <span class='ocrx_word' id='word_1_143' title='bbox 959 2260 991 2314; x_wconf 89' lang='lat' dir='ltr'>et</span> <span class='ocrx_word' id='word_1_144' title='bbox 1011 2249 1173 2335; x_wconf 78' lang='lat' dir='ltr'>spirantes</span> 
     </span>
     <span class='ocr_line' id='line_1_20' title="bbox 69 2345 1173 2436; baseline 0.003 -28"><span class='ocrx_word' id='word_1_145' title='bbox 69 2346 99 2408; x_wconf 92' lang='lat' dir='ltr'>in</span> <span class='ocrx_word' id='word_1_146' title='bbox 118 2345 167 2411; x_wconf 92' lang='lat' dir='ltr'>his</span> <span class='ocrx_word' id='word_1_147' title='bbox 190 2347 357 2431; x_wconf 87' lang='lat' dir='ltr'>affricatis,</span> <span class='ocrx_word' id='word_1_148' title='bbox 379 2349 436 2433; x_wconf 91' lang='lat' dir='ltr'>qui</span> <span class='ocrx_word' id='word_1_149' title='bbox 452 2348 611 2431; x_wconf 87' lang='lat' dir='ltr'>dicuntur,</span> <span class='ocrx_word' id='word_1_150' title='bbox 635 2347 722 2414; x_wconf 90' lang='lat' dir='ltr'>sonis</span> <span class='ocrx_word' id='word_1_151' title='bbox 744 2347 933 2436; x_wconf 87' lang='lat' dir='ltr'>plerumque</span> <span class='ocrx_word' id='word_1_152' title='bbox 956 2347 1058 2412; x_wconf 87' lang='lat' dir='ltr'>sicin</span> <span class='ocrx_word' id='word_1_153' title='bbox 1073 2369 1173 2412; x_wconf 90' lang='lat' dir='ltr'>unum</span> 
     </span>
     <span class='ocr_line' id='line_1_21' title="bbox 71 2444 1170 2534; baseline 0.004 -26"><span class='ocrx_word' id='word_1_154' title='bbox 71 2444 266 2529; x_wconf 88' lang='lat' dir='ltr'>coaluerunt,</span> <span class='ocrx_word' id='word_1_155' title='bbox 302 2456 337 2512; x_wconf 90' lang='lat' dir='ltr'>ut</span> <span class='ocrx_word' id='word_1_156' title='bbox 366 2447 528 2534; x_wconf 86' lang='lat' dir='ltr'>simplices</span> <span class='ocrx_word' id='word_1_157' title='bbox 555 2447 682 2514; x_wconf 83' lang='lat' dir='ltr'>litterae</span> <span class='ocrx_word' id='word_1_158' title='bbox 711 2447 818 2513; x_wconf 85' lang='lat' dir='ltr'>audiri</span> <span class='ocrx_word' id='word_1_159' title='bbox 847 2447 1034 2512; x_wconf 88' lang='lat' dir='ltr'>viderentur</span> <span class='ocrx_word' id='word_1_160' title='bbox 1062 2448 1170 2524; x_wconf 87' lang='lat' dir='ltr'>(etiem</span> 
     </span>
     <span class='ocr_line' id='line_1_22' title="bbox 71 2542 1230 2633; baseline 0.003 -27"><span class='ocrx_word' id='word_1_161' title='bbox 71 2542 227 2612; x_wconf 84' lang='lat' dir='ltr'>Brtickius</span> <span class='ocrx_word' id='word_1_162' title='bbox 258 2567 314 2610; x_wconf 90' lang='lat' dir='ltr'>eos</span> <span class='ocrx_word' id='word_1_163' title='bbox 348 2545 550 2633; x_wconf 79' lang='lat' dir='ltr'>simplicibus</span> <span class='ocrx_word' id='word_1_164' title='bbox 583 2547 833 2612; x_wconf 80' lang='lat' dir='ltr'>consonantibus</span> <span class='ocrx_word' id='word_1_165' title='bbox 867 2545 1108 2624; x_wconf 66' lang='lat' dir='ltr'>adnumeratll)</span> <span class='ocrx_word' id='word_1_166' title='bbox 1141 2553 1173 2611; x_wconf 91' lang='lat' dir='ltr'>et</span> <span class='ocrx_word' id='word_1_167' title='bbox 1228 2559 1230 2566; x_wconf 82' lang='grc'><em>’</em></span> 
     </span>
     <span class='ocr_line' id='line_1_23' title="bbox 72 2640 1172 2732; baseline 0.005 -28"><span class='ocrx_word' id='word_1_168' title='bbox 72 2640 252 2708; x_wconf 82' lang='lat' dir='ltr'>Priscianus</span> <span class='ocrx_word' id='word_1_169' title='bbox 274 2667 350 2732; x_wconf 85' lang='lat' dir='ltr'>pag.</span> <span class='ocrx_word' id='word_1_170' title='bbox 369 2652 406 2714; x_wconf 89' lang='lat'>10</span> <span class='ocrx_word' id='word_1_171' title='bbox 428 2646 478 2712; x_wconf 90' lang='lat' dir='ltr'>ed.</span> <span class='ocrx_word' id='word_1_172' title='bbox 498 2647 539 2713; x_wconf 92' lang='grc' dir='ltr'>Κ.</span> <span class='ocrx_word' id='word_1_173' title='bbox 562 2645 650 2711; x_wconf 88' lang='lat' dir='ltr'>baud</span> <span class='ocrx_word' id='word_1_174' title='bbox 672 2645 770 2712; x_wconf 91' lang='lat' dir='ltr'>dubie</span> <span class='ocrx_word' id='word_1_175' title='bbox 793 2645 865 2710; x_wconf 89' lang='lat' dir='ltr'>eliis</span> <span class='ocrx_word' id='word_1_176' title='bbox 886 2645 1072 2712; x_wconf 86' lang='lat' dir='ltr'>auctoribus</span> <span class='ocrx_word' id='word_1_177' title='bbox 1094 2667 1172 2710; x_wconf 87' lang='lat' dir='ltr'>usus</span> 
     </span>
     <span class='ocr_line' id='line_1_24' title="bbox 72 2741 1173 2833; baseline 0.004 -29"><span class='ocrx_word' id='word_1_178' title='bbox 72 2751 176 2826; x_wconf 86' lang='lat' dir='ltr'>aperte</span> <span class='ocrx_word' id='word_1_179' title='bbox 197 2741 276 2808; x_wconf 89' lang='lat' dir='ltr'>dicit</span> <span class='ocrx_word' id='word_1_180' title='bbox 296 2743 570 2826; x_wconf 88' lang='lat' dir='ltr'>„consonantibus</span> <span class='ocrx_word' id='word_1_181' title='bbox 592 2747 824 2833; x_wconf 87' lang='lat' dir='ltr'>aspirationem</span> <span class='ocrx_word' id='word_1_182' title='bbox 847 2747 895 2810; x_wconf 89' lang='lat' dir='ltr'>sic</span> <span class='ocrx_word' id='word_1_183' title='bbox 916 2744 1104 2822; x_wconf 84' lang='lat' dir='ltr'>cohaerere,</span> <span class='ocrx_word' id='word_1_184' title='bbox 1137 2755 1173 2808; x_wconf 89' lang='lat' dir='ltr'>ut</span> 
     </span>
     <span class='ocr_line' id='line_1_25' title="bbox 73 2839 1173 2929; baseline 0.005 -28"><span class='ocrx_word' id='word_1_185' title='bbox 73 2839 208 2906; x_wconf 89' lang='lat' dir='ltr'>eiusdem</span> <span class='ocrx_word' id='word_1_186' title='bbox 230 2863 335 2929; x_wconf 88' lang='lat' dir='ltr'>paene</span> <span class='ocrx_word' id='word_1_187' title='bbox 358 2843 558 2910; x_wconf 86' lang='lat' dir='ltr'>substantiae</span> <span class='ocrx_word' id='word_1_188' title='bbox 580 2845 653 2925; x_wconf 86' lang='lat' dir='ltr'>sit“,</span> <span class='ocrx_word' id='word_1_189' title='bbox 675 2853 784 2910; x_wconf 89' lang='lat' dir='ltr'>tamen</span> <span class='ocrx_word' id='word_1_190' title='bbox 807 2845 988 2909; x_wconf 86' lang='lat' dir='ltr'>certissima</span> <span class='ocrx_word' id='word_1_191' title='bbox 1008 2844 1102 2910; x_wconf 90' lang='lat' dir='ltr'>nobis</span> <span class='ocrx_word' id='word_1_192' title='bbox 1125 2852 1173 2908; x_wconf 86' lang='lat' dir='ltr'>te-</span> 
     </span>
     <span class='ocr_line' id='line_1_26' title="bbox 73 2939 1172 3030; baseline 0.005 -29"><span class='ocrx_word' id='word_1_193' title='bbox 73 2939 271 3020; x_wconf 71' lang='lat' dir='ltr'>stimonia⁴¹l</span> <span class='ocrx_word' id='word_1_194' title='bbox 296 2943 410 3008; x_wconf 86' lang='lat' dir='ltr'>relicta</span> <span class='ocrx_word' id='word_1_195' title='bbox 432 2955 521 3026; x_wconf 83' lang='lat' dir='ltr'>sunt,</span> <span class='ocrx_word' id='word_1_196' title='bbox 552 2941 731 3030; x_wconf 71' lang='lat' dir='ltr'>exiquibus</span> <span class='ocrx_word' id='word_1_197' title='bbox 754 2953 931 3030; x_wconf 87' lang='lat' dir='ltr'>appareat,</span> <span class='ocrx_word' id='word_1_198' title='bbox 961 2945 1172 3029; x_wconf 86' lang='lat' dir='ltr'>aspiratae</span> 
     </span>
     <span class='ocr_line' id='line_1_27' title="bbox 72 3041 1172 3130; baseline 0.003 -27"><span class='ocrx_word' id='word_1_199' title='bbox 72 3041 175 3122; x_wconf 76' lang='grc' dir='ltr'>κφθ</span> <span class='ocrx_word' id='word_1_200' title='bbox 206 3041 415 3106; x_wconf 88' lang='lat' dir='ltr'>interdum</span> <span class='ocrx_word' id='word_1_201' title='bbox 443 3045 569 3110; x_wconf 86' lang='lat' dir='ltr'>etiam</span> <span class='ocrx_word' id='word_1_202' title='bbox 595 3043 771 3130; x_wconf 90' lang='lat' dir='ltr'>duplicis</span> <span class='ocrx_word' id='word_1_203' title='bbox 800 3045 1071 3108; x_wconf 88' lang='lat' dir='ltr'>consonantis</span> <span class='ocrx_word' id='word_1_204' title='bbox 1093 3043 1172 3106; x_wconf 88' lang='lat' dir='ltr'>vim</span> 
     </span>
     <span class='ocr_line' id='line_1_28' title="bbox 73 3133 1173 3229; baseline 0.005 -30"><span class='ocrx_word' id='word_1_205' title='bbox 73 3133 260 3204; x_wconf 87' lang='lat' dir='ltr'>babuisse</span> <span class='ocrx_word' id='word_1_206' title='bbox 281 3140 453 3229; x_wconf 89' lang='lat' dir='ltr'>ideoque</span> <span class='ocrx_word' id='word_1_207' title='bbox 475 3143 701 3208; x_wconf 82' lang='lat' dir='ltr'>affricatos</span> <span class='ocrx_word' id='word_1_208' title='bbox 723 3142 819 3207; x_wconf 89' lang='lat' dir='ltr'>illos</span> <span class='ocrx_word' id='word_1_209' title='bbox 843 3163 979 3223; x_wconf 89' lang='lat' dir='ltr'>sonos,</span> <span class='ocrx_word' id='word_1_210' title='bbox 1006 3143 1074 3226; x_wconf 89' lang='lat' dir='ltr'>qui</span> <span class='ocrx_word' id='word_1_211' title='bbox 1095 3163 1173 3205; x_wconf 90' lang='lat' dir='ltr'>me·</span> 
     </span>
     <span class='ocr_line' id='line_1_29' title="bbox 75 3233 1172 3328; baseline 0.005 -30"><span class='ocrx_word' id='word_1_212' title='bbox 75 3233 171 3302; x_wconf 90' lang='lat' dir='ltr'>dium</span> <span class='ocrx_word' id='word_1_213' title='bbox 198 3237 331 3303; x_wconf 89' lang='lat' dir='ltr'>locum</span> <span class='ocrx_word' id='word_1_214' title='bbox 360 3250 498 3312; x_wconf 84' lang='lat' dir='ltr'>tenent</span> <span class='ocrx_word' id='word_1_215' title='bbox 529 3244 639 3306; x_wconf 89' lang='lat' dir='ltr'>inter</span> <span class='ocrx_word' id='word_1_216' title='bbox 669 3241 881 3328; x_wconf 89' lang='lat' dir='ltr'>simplices</span> <span class='ocrx_word' id='word_1_217' title='bbox 912 3250 950 3305; x_wconf 89' lang='lat' dir='ltr'>et</span> <span class='ocrx_word' id='word_1_218' title='bbox 983 3240 1172 3326; x_wconf 89' lang='lat' dir='ltr'>duplices</span> 
     </span>
     <span class='ocr_line' id='line_1_30' title="bbox 74 3339 1175 3426; baseline 0.008 -31"><span class='ocrx_word' id='word_1_219' title='bbox 74 3347 352 3421; x_wconf 88' lang='lat' dir='ltr'>consonantes,</span> <span class='ocrx_word' id='word_1_220' title='bbox 383 3341 424 3404; x_wconf 93' lang='lat' dir='ltr'>in</span> <span class='ocrx_word' id='word_1_221' title='bbox 446 3340 587 3426; x_wconf 85' lang='lat' dir='ltr'>lingue</span> <span class='ocrx_word' id='word_1_222' title='bbox 610 3339 769 3406; x_wconf 80' lang='lat' dir='ltr'>Graece</span> <span class='ocrx_word' id='word_1_223' title='bbox 791 3339 991 3424; x_wconf 88' lang='lat' dir='ltr'>qnondam</span> <span class='ocrx_word' id='word_1_224' title='bbox 1013 3361 1055 3404; x_wconf 91' lang='lat' dir='ltr'>re</span> <span class='ocrx_word' id='word_1_225' title='bbox 1077 3361 1175 3404; x_wconf 89' lang='lat' dir='ltr'>vera</span> 
     </span>
     <span class='ocr_line' id='line_1_31' title="bbox 75 3433 829 3512; baseline 0.011 -19"><span class='ocrx_word' id='word_1_226' title='bbox 75 3433 225 3502; x_wconf 87' lang='lat' dir='ltr'>auditos</span> <span class='ocrx_word' id='word_1_227' title='bbox 248 3458 344 3503; x_wconf 89' lang='lat' dir='ltr'>esse.</span> <span class='ocrx_word' id='word_1_228' title='bbox 827 3507 829 3512; x_wconf 60' lang='grc'>,</span> 
     </span>
    </p>

    <p class='ocr_par' dir='ltr' id='par_1_4' title="bbox 75 3532 1174 3725">
     <span class='ocr_line' id='line_1_32' title="bbox 128 3532 1174 3626; baseline 0.006 -28"><span class='ocrx_word' id='word_1_229' title='bbox 128 3532 175 3598; x_wconf 87' lang='lat' dir='ltr'>Ae</span> <span class='ocrx_word' id='word_1_230' title='bbox 190 3535 331 3622; x_wconf 89' lang='lat' dir='ltr'>primum</span> <span class='ocrx_word' id='word_1_231' title='bbox 345 3537 475 3622; x_wconf 87' lang='lat' dir='ltr'>quidem</span> <span class='ocrx_word' id='word_1_232' title='bbox 486 3561 525 3605; x_wconf 88' lang='lat' dir='ltr'>ea</span> <span class='ocrx_word' id='word_1_233' title='bbox 535 3537 696 3605; x_wconf 87' lang='lat' dir='ltr'>vocabula</span> <span class='ocrx_word' id='word_1_234' title='bbox 708 3559 871 3620; x_wconf 86' lang='lat' dir='ltr'>enumero,</span> <span class='ocrx_word' id='word_1_235' title='bbox 883 3537 916 3602; x_wconf 90' lang='lat' dir='ltr'>in</span> <span class='ocrx_word' id='word_1_236' title='bbox 930 3537 1046 3623; x_wconf 90' lang='lat' dir='ltr'>quibus</span> <span class='ocrx_word' id='word_1_237' title='bbox 1062 3549 1174 3626; x_wconf 85' lang='lat' dir='ltr'>aperte</span> 
     </span>
     <span class='ocr_line' id='line_1_33' title="bbox 75 3629 1098 3725; baseline 0.013 -35"><span class='ocrx_word' id='word_1_238' title='bbox 75 3629 235 3700; x_wconf 87' lang='lat' dir='ltr'>iuncturae</span> <span class='ocrx_word' id='word_1_239' title='bbox 257 3655 296 3712; x_wconf 84' lang='grc' dir='ltr'>κχ</span> <span class='ocrx_word' id='word_1_240' title='bbox 317 3655 371 3722; x_wconf 73' lang='lat' dir='ltr'>cp</span> <span class='ocrx_word' id='word_1_241' title='bbox 392 3639 439 3698; x_wconf 66' lang='lat' dir='ltr'>ee</span> <span class='ocrx_word' id='word_1_242' title='bbox 456 3659 516 3724; x_wconf 92' lang='lat' dir='ltr'>pro</span> <span class='ocrx_word' id='word_1_243' title='bbox 538 3637 739 3725; x_wconf 89' lang='lat' dir='ltr'>simplicibus</span> <span class='ocrx_word' id='word_1_244' title='bbox 759 3639 848 3723; x_wconf 75' lang='grc' dir='ltr'>χφθ</span> <span class='ocrx_word' id='word_1_245' title='bbox 868 3639 994 3723; x_wconf 86' lang='lat' dir='ltr'>positae</span> <span class='ocrx_word' id='word_1_246' title='bbox 1017 3649 1098 3704; x_wconf 87' lang='lat' dir='ltr'>sunt.</span> 
     </span>
    </p>

    <p class='ocr_par' dir='ltr' id='par_1_5' title="bbox 134 3733 1175 3825">
     <span class='ocr_line' id='line_1_34' title="bbox 134 3733 1175 3825; baseline 0.006 -29"><span class='ocrx_word' id='word_1_247' title='bbox 134 3741 156 3797; x_wconf 89' lang='lat'>1.</span> <span class='ocrx_word' id='word_1_248' title='bbox 171 3733 225 3798; x_wconf 87' lang='lat' dir='ltr'>Ex</span> <span class='ocrx_word' id='word_1_249' title='bbox 246 3733 358 3799; x_wconf 87' lang='lat' dir='ltr'>radice</span> <span class='ocrx_word' id='word_1_250' title='bbox 380 3735 468 3823; x_wconf 84' lang='lat' dir='ltr'>vegh</span> <span class='ocrx_word' id='word_1_251' title='bbox 489 3738 541 3816; x_wconf 84' lang='lat' dir='ltr'>(ef.</span> <span class='ocrx_word' id='word_1_252' title='bbox 565 3737 670 3804; x_wconf 78' lang='lat' dir='ltr'>Curtii</span> <span class='ocrx_word' id='word_1_253' title='bbox 690 3737 728 3804; x_wconf 90' lang='lat' dir='ltr'>el.</span> <span class='ocrx_word' id='word_1_254' title='bbox 751 3760 781 3825; x_wconf 88' lang='lat' dir='ltr'>p.</span> <span class='ocrx_word' id='word_1_255' title='bbox 804 3743 874 3815; x_wconf 85' lang='grc'>175)</span> <span class='ocrx_word' id='word_1_256' title='bbox 897 3736 1077 3803; x_wconf 85' lang='lat' dir='ltr'>derivanda</span> <span class='ocrx_word' id='word_1_257' title='bbox 1100 3747 1175 3802; x_wconf 86' lang='lat' dir='ltr'>sunt</span> 
     </span>
    </p>
   </div>
   <div class='ocr_carea' id='block_1_4' title="bbox 77 3825 1173 3923">
    <p class='ocr_par' dir='ltr' id='par_1_6' title="bbox 77 3825 1173 3923">
     <span class='ocr_line' id='line_1_35' title="bbox 77 3825 1173 3923; baseline 0.03 -37"><span class='ocrx_word' id='word_1_258' title='bbox 77 3845 164 3908; x_wconf 85' lang='grc' dir='ltr'><strong><em>οκχος</em></strong></span> <span class='ocrx_word' id='word_1_259' title='bbox 190 3855 251 3922; x_wconf 90' lang='lat' dir='ltr'>pro</span> <span class='ocrx_word' id='word_1_260' title='bbox 274 3825 350 3913; x_wconf 79' lang='grc' dir='ltr'><em>ὄχος</em></span> <span class='ocrx_word' id='word_1_261' title='bbox 380 3833 468 3922; x_wconf 87' lang='lat' dir='ltr'>apud</span> <span class='ocrx_word' id='word_1_262' title='bbox 488 3836 582 3902; x_wconf 91' lang='lat' dir='ltr'>Pind.</span> <span class='ocrx_word' id='word_1_263' title='bbox 604 3836 655 3904; x_wconf 90' lang='lat' dir='ltr'>Ol.</span> <span class='ocrx_word' id='word_1_264' title='bbox 678 3841 706 3903; x_wconf 91' lang='grc'>6.</span> <span class='ocrx_word' id='word_1_265' title='bbox 729 3843 784 3920; x_wconf 81' lang='lat'>24,</span> <span class='ocrx_word' id='word_1_266' title='bbox 816 3828 894 3923; x_wconf 75' lang='grc' dir='ltr'><em>ὂκχή</em></span> <span class='ocrx_word' id='word_1_267' title='bbox 914 3859 974 3922; x_wconf 75' lang='grc' dir='ltr'>Ρῐθ</span> <span class='ocrx_word' id='word_1_268' title='bbox 999 3828 1059 3920; x_wconf 54' lang='grc' dir='ltr'>0)χῆ</span> <span class='ocrx_word' id='word_1_269' title='bbox 1083 3838 1173 3923; x_wconf 58' lang='lat' dir='ltr'>&amp;pull</span> 
     </span>
    </p>
   </div>
   <div class='ocr_carea' id='block_1_5' title="bbox 78 3981 272 4000">
    <p class='ocr_par' dir='ltr' id='par_1_7' title="bbox 78 3981 272 4000">
     <span class='ocr_line' id='line_1_36' title="bbox 78 3981 272 4000; baseline 0.005 -6"><span class='ocrx_word' id='word_1_270' title='bbox 78 3981 272 4000; x_wconf 46' lang='grc' dir='ltr'>Ἠ</span> 
     </span>
    </p>
   </div>
   <div class='ocr_carea' id='block_1_6' title="bbox 120 4065 1117 4224">
    <p class='ocr_par' dir='ltr' id='par_1_8' title="bbox 120 4065 1117 4224">
     <span class='ocr_line' id='line_1_37' title="bbox 120 4065 1117 4142; baseline 0.005 -24"><span class='ocrx_word' id='word_1_271' title='bbox 120 4068 160 4134; x_wconf 76' lang='lat' dir='ltr'>tt)</span> <span class='ocrx_word' id='word_1_272' title='bbox 176 4066 217 4123; x_wconf 84' lang='lat' dir='ltr'>cf.</span> <span class='ocrx_word' id='word_1_273' title='bbox 235 4065 499 4137; x_wconf 64' lang='lat' dir='ltr'>connecterem.</span> <span class='ocrx_word' id='word_1_274' title='bbox 519 4065 619 4124; x_wconf 79' lang='lat' dir='ltr'>Gescb.</span> <span class='ocrx_word' id='word_1_275' title='bbox 635 4069 661 4124; x_wconf 90' lang='lat' dir='ltr'>d.</span> <span class='ocrx_word' id='word_1_276' title='bbox 681 4068 834 4124; x_wconf 82' lang='lat' dir='ltr'>deutschen</span> <span class='ocrx_word' id='word_1_277' title='bbox 851 4067 973 4140; x_wconf 81' lang='lat' dir='ltr'>Sprsche</span> <span class='ocrx_word' id='word_1_278' title='bbox 991 4083 1057 4142; x_wconf 76' lang='lat' dir='ltr'>pag.</span> <span class='ocrx_word' id='word_1_279' title='bbox 1075 4074 1117 4126; x_wconf 78' lang='grc'>49.</span> 
     </span>
     <span class='ocr_line' id='line_1_38' title="bbox 122 4149 752 4224; baseline 0.011 -23"><span class='ocrx_word' id='word_1_280' title='bbox 122 4150 162 4216; x_wconf 83' lang='lat' dir='ltr'>u)</span> <span class='ocrx_word' id='word_1_281' title='bbox 179 4150 255 4218; x_wconf 78' lang='lat' dir='ltr'>Quae</span> <span class='ocrx_word' id='word_1_282' title='bbox 275 4151 350 4224; x_wconf 87' lang='lat' dir='ltr'>apud</span> <span class='ocrx_word' id='word_1_283' title='bbox 367 4149 535 4208; x_wconf 81' lang='lat' dir='ltr'>Raumerum</span> <span class='ocrx_word' id='word_1_284' title='bbox 552 4151 752 4208; x_wconf 86' lang='lat' dir='ltr'>desiderantur.</span> 
     </span>
    </p>
   </div>
   <div class='ocr_carea' id='block_1_7' title="bbox 0 0 1541 4968">
    <p class='ocr_par' dir='ltr' id='par_1_9' title="bbox 0 0 1541 4968">
     <span class='ocr_line' id='line_1_39' title="bbox 0 0 1541 4968; baseline 0 0"><span class='ocrx_word' id='word_1_285' title='bbox 0 0 1541 4968; x_wconf 95' lang='lat' dir='ltr'> </span> 
     </span>
    </p>
   </div>
  </div>
 </body>
</html>
