3056 4968
638 387 695 452 tot

164 568 214 634 10.
239 558 393 650 ἀκίχητος
413 601 454 614 -
475 556 638 652 ἆχίκητοςε
664 565 701 634 ef.
724 564 816 630 eund.
839 588 864 632 s.
888 587 917 630 v,
941 556 1088 650 α’χίκητα.

166 687 216 746 11.
239 673 415 765 χήτιον-
438 674 576 767 aporos:
597 681 635 747 cf.
657 680 777 748 Athen.
799 703 829 767 p.
856 687 924 747 477.

164 803 213 862 12.
236 789 339 874 χιτών
357 833 398 842 -
418 792 542 863 attor:
565 799 603 864 ef.
628 797 765 883 Gregcr.
788 795 862 861 Oor.
884 795 904 860 l.
927 794 946 860 l.

166 917 213 979 13.
240 905 438 989 Κάλχας-
457 910 609 990 Χάλκαςε
633 914 671 980 cf.
692 911 840 978 Eustath.
865 910 908 975 ad
929 909 964 974 ll.
988 931 1018 996 p.
1041 915 1110 976 289.
1134 913 1182 979 38.

163 1033 213 1092 14.
238 1024 401 1108 βάτραχος
422 1066 463 1076 -
484 1023 676 1112 postpones:
702 1029 739 1094 cf.
763 1025 862 1113 Greg.
886 1026 960 1092 Cor.
982 1025 1003 1091 l.
1026 1025 1045 1090 l.
1068 1033 1099 1089 et
1122 1025 1220 1091 schol.

99 1125 141 1189 ad
170 1125 210 1191 ll.
242 1149 275 1213 p.
301 1130 378 1194 131¹>
401 1131 460 1204 35).
503 1129 602 1216 Apud
625 1127 827 1214 Hesychium
854 1119 1019 1208 ,θράταχος
1047 1118 1217 1208 βόρταχος,

99 1217 269 1305 βρόταχος
289 1223 462 1308 popitanae
483 1227 642 1312 leguntur,
666 1225 791 1292 mediae
814 1227 929 1292 aetatis
948 1223 1069 1290 Graeci
1089 1224 1138 1306 (cf.
1150 1223 1220 1290 Du·

99 1325 212 1412 cangii
236 1324 335 1410 gloss.
359 1348 383 1391 s.
406 1331 472 1406 vv.)
495 1325 668 1410 βόρθακος
695 1334 726 1390 et
747 1321 906 1410 βόρταχος
935 1324 1102 1400 dixerunt,
1131 1323 1219 1388 deni·

100 1446 161 1508 que
176 1425 214 1488 in
228 1423 345 1489 10xicis
360 1434 480 1492 recent.
493 1426 637 1493 Graecit.
659 1417 840 1508 βαθρακάς
854 1433 885 1489 et
900 1417 1069 1508 βορδακάς
1083 1423 1218 1489 afferun-

99 1531 159 1604 tur,
184 1547 273 1614 quae
293 1523 381 1588 haud
404 1523 501 1610 dubie
523 1519 761 1609 exflcitlpaxcg
781 1534 859 1590 nata
881 1528 963 1588 sunt.
1154 1525 1156 1532 ’

159 1640 201 1704 In
226 1639 354 1706 duobus
375 1641 544 1709 vocabulis
565 1642 674 1710 media
691 1639 711 1706 ὁ
729 1643 764 1706 in
785 1641 890 1708 locum
904 1639 1035 1706 alterius
1053 1639 1218 1728 aspiratae

100 1741 277 1806 successit:
306 1733 442 1820 σχεδρός
462 1778 504 1788 -
525 1736 670 1824 σκεθρός
696 1746 729 1819 (a
750 1740 862 1808 radice
892 1759 959 1818 σεχι
990 1741 1029 1804 cf.
1052 1737 1158 1806 Curtii
1180 1737 1218 1808 el.

102 1843 183 1921 176),
206 1832 363 1922 naeinam]
383 1876 424 1884 -
447 1834 602 1926 φιδάκτη.
882 1911 885 1918 ‚

161 1951 324 2020 Similiter
341 1953 549 2040 intellegitur,
572 1955 628 2040 qui
649 1954 715 2036 fiat,
732 1965 768 2020 ut
782 1957 816 2020 in
829 1949 948 2036 τρέχω,
972 1945 1082 2040 copo,
1106 1946 1218 2038 τρέφω

102 2052 275 2135 similibus,
299 2055 326 2118 si
348 2053 451 2118 altera
472 2055 617 2140 aspirata
638 2052 830 2120 declinando
852 2055 994 2140 perierit,
1016 2075 1035 2115 τ
1057 2053 1131 2118 in&
1151 2075 1218 2120 mu·

100 2161 194 2216 tetur.
239 2151 416 2218 Probabile
444 2155 531 2236 enim
560 2164 608 2218 est
634 2153 763 2220 radices
790 2155 890 2236 θρεχ,
923 2154 998 2236 slep
1029 2161 1106 2235 etc,
1137 2173 1218 2240 quas

103 2253 232 2336 primus
253 2251 470 2319 Buttmannus
493 2253 545 2331 (cf.
568 2277 617 2339 gr.
637 2251 695 2320 Gr.
717 2251 808 2320 uber.
829 2253 854 2318 I.
881 2256 932 2330 77)
959 2249 1073 2317 Curtio
1099 2253 1146 2327 (in
1169 2247 1218 2332 eli

103 2348 161 2414 sub
186 2349 325 2436 singulis
347 2357 451 2429 voce.)
473 2353 693 2417 consentiente
715 2353 883 2440 perspexit
903 2352 938 2415 in
959 2350 1071 2436 lingua
1082 2349 1216 2418 -Graeca

103 2448 269 2536 quondam
290 2451 455 2516 exstitisse
476 2461 508 2517 et
529 2450 605 2516 inde
626 2450 868 2516 fluctuationem
890 2449 979 2515 illam
1006 2450 1217 2536 aspirationis

103 2548 334 2636 explicandam
357 2572 437 2616 csse.
469 2548 690 2616 Confirmatur
711 2552 772 2616 hcc
791 2573 855 2615 non
876 2549 979 2616 solum
993 2547 1133 2614 vasculis
1151 2547 1217 2614 illis

102 2649 362 2737 antiquissimis,
385 2651 419 2714 in
441 2649 559 2738 quibus
585 2641 637 2716 bis
659 2640 794 2736 θροτρός
814 2673 874 2737 pro
893 2643 1020 2735 τροφός
1040 2648 1160 2734 legitur
1184 2658 1215 2714 et

103 2745 216 2833 lingua
243 2750 439 2832 recentiore,
473 2749 530 2816 ubi
558 2751 663 2818 forma
691 2746 835 2835 θρὲφειν
868 2748 974 2825 adhuc
1002 2757 1133 2816 servata
1159 2758 1217 2830 est,

103 2868 216 2912 verum
240 2849 337 2913 etiam
359 2871 413 2930 ec,
436 2848 532 2936 quod,
555 2858 590 2914 ut
612 2859 822 2936 cognatarum
843 2847 1028 2932 linguarum
1048 2868 1216 2933 compara·

103 2946 146 3012 tic
169 2946 283 3030 docet,
313 2971 354 3014 ne
379 2971 479 3012 unum
501 2948 632 3036 quidem
658 2949 772 3014 horum
802 2945 1033 3014 vocabulorum
1062 2945 1103 3010 ab
1125 2947 1217 3009 initio

23 3065 27 3072 ’
105 3042 198 3112 binas
226 3047 389 3134 aspiratae
417 3046 475 3112 sed
497 3059 553 3114 aut
575 3050 704 3114 omnino
725 3045 847 3116 nullam
879 3054 937 3115 aut
965 3067 1062 3108 unam
1092 3052 1218 3110 tantum

105 3140 232 3210 habuit:
264 3145 444 3210 derivanda
466 3148 552 3211 enim
575 3159 649 3212 sunt
669 3141 762 3232 τύφω
785 3169 805 3210 a
824 3144 936 3210 radice
951 3142 1039 3229 dhisp
1062 3143 1216 3227 (Ourtiua

106 3241 140 3308 el.
157 3249 240 3328 205),
257 3239 368 3331 τρέφω
384 3269 408 3309 a
424 3245 536 3312 radice
551 3256 626 3334 ta'rp
645 3245 791 3323 (Curtius
807 3250 895 3326 202),
918 3235 1042 3305 θάπτω
1066 3265 1086 3306 a
1106 3243 1218 3308 radice

107 3339 191 3430 dhap
214 3343 360 3418 (Curtius
383 3349 464 3423 449),
488 3339 614 3431 ἔταφον
637 3345 747 3411 arad.
772 3343 867 3409 stabh
888 3341 990 3420 (Ourt.
1012 3347 1092 3426 198),
1113 3337 1216 3424 τρέχω

109 3461 127 3504 a
153 3443 264 3510 radice
293 3443 370 3510 tralx
396 3443 499 3524 (Ourt.
527 3452 613 3530 178),
641 3437 754 3530 τρύφω
784 3467 804 3508 a
832 3441 902 3510 rad.
929 3451 981 3508 tar
1010 3441 1113 3518 (Curt.
1135 3447 1217 3522 202),

107 3535 202 3618 ταχύς
223 3565 243 3608 a
264 3542 362 3610 takue
384 3541 487 3624 (Ourt.
509 3551 587 3623 178).

165 3641 316 3730 Denique
336 3643 394 3708 illa
414 3645 625 3732 transpositio
648 3643 873 3730 aspirationis,
907 3664 1004 3730 quam
1027 3642 1218 3728 saepissime

109 3735 140 3800 in
159 3741 426 3828 inscriptionibus
442 3753 473 3808 et
487 3742 580 3808 libris
601 3743 829 3808 vetustissimis
846 3741 972 3806 Latinis
995 3741 1217 3828 observamus,

110 3835 200 3905 facile
222 3841 334 3906 eadem
357 3843 484 3908 ratione
505 3841 696 3930 explicatur.
734 3842 881 3906 Plurima
895 3840 989 3932 huius
1004 3843 1052 3906 rei
1067 3841 1217 3929 exempla

112 3936 241 4005 collecta
264 3950 338 4005 sunt
365 3941 407 4008 ab
429 3941 587 4006 Hiibnero
616 3943 650 4005 in
676 3941 783 4006 indice
810 3942 1023 4030 grammatico
1053 3939 1096 4006 ad
1116 3939 1215 4030 Oorp,

111 4033 201 4106 inser.
214 4039 322 4110 Bercl
335 4041 361 4110 I.
379 4065 403 4110 s.
419 4064 448 4112 v.
470 4041 649 4129 „aspiratio
665 4041 885 4133 transposita“
908 4049 939 4111 et
955 4039 1166 4114 aRibbcckio
1182 4044 1216 4112 in
