3056 4968
864 416 922 482 196

785 497 995 513 *nn—n.-

338 605 425 661 certe
456 606 488 661 et
508 595 688 661 Moeridem
715 607 746 662 et
776 597 973 684 &rogerium
994 593 1200 666 Corinthium
1226 596 1356 683 (quibus
1384 619 1448 660 ma-

337 698 461 760 ximam
483 706 611 783 partem
634 717 744 762 eorum
767 708 1018 784 praeceptorum
1046 696 1228 778 debemus),
1263 717 1376 762 omnes
1397 695 1448 758 de-

287 813 291 822 *
337 797 435 880 nique
456 794 624 860 Atticistas
655 817 715 882 pro
736 795 895 882 singulari
924 819 982 862 suo
1003 795 1138 862 consilio
1158 817 1223 859 non
1244 803 1312 858 tam
1335 816 1356 858 a
1377 816 1449 878 poe

336 903 446 958 tarum
476 896 677 979 tragicorum
706 895 869 981 proficisci
900 915 962 960 usu
991 905 1023 960 et
1052 895 1268 981 proprietate,
1305 915 1404 980 quam
1433 915 1452 955 a

246 1009 247 1014 ’
340 991 556 1079 Thucydidis,
571 992 736 1076 Isocratis,
755 993 996 1076 Demosthenis,
1011 991 1243 1080 Aristophanis
1266 994 1424 1074 oratione,
1431 993 1452 1066 ¹)

339 1094 460 1178 quippe
481 1113 561 1178 quos
583 1083 756 1178 scriptores
779 1095 934 1179 optimam
949 1102 1103 1157 censeant
1118 1090 1283 1156 scribendi
1303 1113 1451 1155 normam

340 1190 508 1277 praebere.
551 1190 621 1254 Iam
645 1192 674 1255 si
694 1200 822 1258 constat
841 1229 882 1240 -
903 1192 938 1256 id
959 1191 1046 1280 quod
1066 1213 1161 1255 nemo
1183 1189 1368 1254 dubitat-
1391 1212 1452 1254 non

341 1312 468 1376 semper
496 1299 610 1376 poetas
634 1287 780 1358 Graecos
809 1313 887 1356 suae
916 1291 1007 1375 seq'ui
1034 1290 1151 1354 aetatis
1178 1288 1454 1369 consuetudinem,

339 1390 397 1454 sed
427 1391 645 1477 antiquiorum
670 1389 834 1454 interdum
860 1389 1037 1454 formarum
1065 1387 1282 1475 granditatem
1311 1387 1454 1452 redinte-

339 1511 450 1574 grare:
482 1488 560 1574 quid
586 1489 703 1552 mirum
732 1487 818 1574 quod
844 1487 931 1554 haud
959 1510 1065 1574 pauca
1094 1485 1143 1552 illi
1164 1486 1338 1552 Atticistae
1359 1510 1454 1572 prae

341 1588 484 1654 seribere
513 1587 618 1656 solent
644 1609 728 1673 quae
750 1609 827 1652 vere
847 1587 1030 1652 Atticorum
1058 1587 1140 1669 sint,
1171 1608 1236 1650 non
1266 1588 1332 1653 sint
1353 1588 1454 1671 tragi-

340 1685 472 1753 corum?
500 1685 609 1768 Recte,
631 1696 667 1750 ut
688 1687 830 1751 adiciam
851 1685 1044 1772 exemplum,
1063 1683 1268 1771 Phrynichus
1285 1694 1317 1748 et
1330 1683 1453 1750 Moeris

337 1786 464 1851 Atticos
486 1785 619 1850 tradunt
640 1785 764 1851 dixisse
786 1777 841 1848 ἀεί
861 1784 1023 1872 producta
1036 1781 1143 1847 vocali
1158 1805 1179 1844 α
1201 1805 1260 1868 pro
1277 1774 1358 1859 oiri,
1384 1777 1453 1844 κάιιι

338 1908 399 1972 pro
420 1878 520 1961 καίοι,
554 1878 639 1948 ἐλάα
662 1907 722 1972 pro
744 1877 860 1959 ἐλαία,
893 1874 990 1958 ἀετός
1011 1905 1071 1970 pro
1092 1872 1219 1956 αἰετόςς
1252 1891 1286 1946 at
1306 1885 1452 1968 tragicos

339 2006 467 2072 quoque
495 1993 607 2070 poetas
636 1981 872 2070 diphthongum
903 1983 1066 2068 sprevisse
1094 2003 1134 2044 ex
1161 1980 1223 2046 hoc
1252 1989 1342 2046 certe
1362 1984 1453 2046 testi·

225 2104 227 2109 ·
339 2085 447 2149 monio
475 2081 686 2148 nullomodo
714 2083 861 2147 efficitur.
904 2081 957 2146 An
980 2103 1022 2145 ex
1043 2079 1094 2144 his
1116 2079 1269 2165 Gregorii
1290 2079 1453 2146 Corinthii

339 2181 450 2248 verbis
461 2182 500 2260 ²):
522 2177 586 2265 „ad
599 2175 696 2258 λαός
708 2179 765 2244 καὶ
780 2177 819 2245 τὸ
834 2174 929 2256 νοός
941 2177 999 2244 καὶ
1011 2175 1052 2242 τὰ
1069 2174 1107 2257 ἐξ
1120 2171 1244 2253 αὐτῶν,
1261 2175 1451 2254 Μενέλαος,

337 2269 583 2361 Πρωτεσίλοος,
606 2277 662 2346 καὶ
674 2274 962 2356 teregnum&
983 2275 1041 2342 διὰ
1061 2281 1120 2359 ἆο-ς,
1143 2266 1215 2342 οἷον
1229 2269 1451 2360 Ἀμφιάραος,

339 2380 396 2446 διὰ
424 2384 484 2446 τοῦ
504 2386 558 2458 ἧς
582 2367 807 2468 προφέρουσι,
841 2373 1037 2454 Μενέλεως,
1065 2370 1321 2458 Πρωτεσίλεως,
1360 2371 1449 2453 νεώς,

339 2476 442 2557 leui&
464 2480 691 2547 concludemus
714 2473 806 2554 λαός,
829 2471 918 2554 ναός,
943 2469 1062 2542 similia
1078 2463 1102 2542 ¹e
1117 2475 1297 2562 tragoediis
1313 2475 1451 2543 Graecis

338 2603 409 2646 esse
417 2578 622 2656 removenda,
630 2600 713 2666 quae
722 2581 816 2642 metri
829 2577 1017 2642 condicione
1027 2577 1211 2641 necessario
1222 2574 1451 2660 postulentur?

337 2680 476 2746 Constat
502 2681 617 2762 igitur,
645 2677 829 2764 ubicunque
849 2677 884 2740 in
905 2677 1145 2742 commentariis
1165 2674 1231 2738 illis
1252 2673 1452 2760 adiungatur

337 2787 506 2866 poetarum
527 2779 727 2862 tragicorum
749 2776 935 2857 auctoritas,
957 2773 1081 2858 aliquid
1101 2773 1308 2838 tribuendum
1327 2796 1403 2838 esse
1424 2774 1452 2837 ei

337 2878 535 2950 testimoni03
549 2877 703 2940 universa
717 2874 875 2939 dialectus
884 2873 999 2937 'Attica
1014 2871 1070 2936 ubi
1086 2871 1295 2958 significatum,
1311 2894 1451 2959 aequum

337 2986 370 3041 et
383 2977 503 3041 iustum
518 2973 674 3038 iudicium
687 2975 752 3038 nisi
767 2971 921 3038 adhibitis
943 2971 1016 3036 aliis
1033 2973 1113 3036 artis
1135 2973 1268 3036 criticae
1284 2971 1451 3036 adiumen-

335 3078 378 3139 tis
397 3074 469 3138 fieri
489 3095 554 3138 non
573 3094 679 3159 posse.

399 3171 466 3238 Sed
487 3180 538 3236 est
556 3171 645 3236 aliud
668 3169 831 3257 quoddam
852 3205 893 3218 --
914 3180 950 3234 ut
963 3168 1115 3234 subsidia.
1130 3169 1334 3232 extrinsecus
1349 3171 1450 3256 petita

337 3293 528 3338 enumerare
547 3292 684 3358 pergam
704 3305 747 3318 -
772 3291 873 3356 equo
896 3291 960 3334 non
980 3267 1126 3354 paullum
1149 3268 1183 3330 in
1204 3267 1448 3351 tragoediarum

337 3373 553 3460 proprietates
588 3368 780 3434 iudicandas
815 3377 848 3432 et
879 3366 1091 3454 explicandas
1126 3359 1314 3431 redundare
1349 3366 1449 3432 soleat

335 3469 513 3536 fructuum:

358 3653 369 3670 ⁹
405 3669 430 3737 1)
448 3664 709 3722 Luculentissimum
719 3665 801 3718 huin
811 3665 852 3719 rei
863 3665 1060 3718 documentum
1071 3669 1113 3718 est
1122 3662 1245 3718 Belsker.
1257 3663 1366 3720 Anecd.
1383 3681 1410 3733 p.
1424 3665 1445 3714 7:
1496 3671 1499 3676 ·

337 3752 498 3824 Ἅρχῆοεν
519 3752 586 3822 (qua
609 3764 676 3802 voce
699 3749 774 3804 haud
791 3763 853 3802 raro
875 3748 916 3802 uti
937 3752 1033 3818 poetas
1056 3747 1176 3819 tragicos
1203 3747 1380 3817 grammatici
1401 3745 1446 3800 mi-

335 3835 410 3889 nime
435 3835 577 3906 ignorant)
595 3833 674 3904 παρὰ
689 3833 743 3904 μὲν
762 3838 824 3892 τοῖς
841 3828 937 3892 ἄλλοις
956 3833 1112 3892 διαλέκτοις
1130 3830 1304 3904 εὑρίσκεται,
1317 3832 1446 3890 Ἀττικοῖς

325 3917 369 3974 δὲ
390 3919 423 3974 οὐ
446 3921 542 3992 φίλον.
573 3917 619 3970 διδ
643 3912 707 3971 οὔτε
729 3913 872 3970 Πλάτωνα
894 3912 959 3970 οὔτε
984 3913 1162 3982 Θουκυδίδην
1187 3915 1267 3969 ἔστιν
1295 3911 1388 3986 εὑρεῖν
1408 3914 1445 3965 tr-

334 4021 423 4070 γοντα
440 4021 532 4060 τουτο,

408 4089 434 4153 2)
452 4076 496 4140 De
514 4085 577 4142 dial.
594 4087 654 4140 Αιι.
674 4101 700 4154 p.
719 4089 760 4138 ιι.
780 4084 822 4137 ed.
841 4079 948 4138 schaef.
