<?xml version="1.0" encoding="UTF-8"?>
<!DOCTYPE html PUBLIC "-//W3C//DTD XHTML 1.0 Transitional//EN"
    "http://www.w3.org/TR/xhtml1/DTD/xhtml1-transitional.dtd">
<html xmlns="http://www.w3.org/1999/xhtml" xml:lang="en" lang="en">
 <head>
  <title>
</title>
<meta http-equiv="Content-Type" content="text/html;charset=utf-8" />
  <meta name='ocr-system' content='tesseract 3.04.00' />
  <meta name='ocr-capabilities' content='ocr_page ocr_carea ocr_par ocr_line ocrx_word'/>
</head>
<body>
  <div class='ocr_page' id='page_1' title='image "./studienzurgriec00vanigoog/studienzurgriec00vanigoog_0535.png"; bbox 0 0 3088 4966; ppageno 0'>
   <div class='ocr_carea' id='block_1_1' title="bbox 65 439 1355 3971">
    <p class='ocr_par' dir='ltr' id='par_1_1' title="bbox 65 439 1355 3971">
     <span class='ocr_line' id='line_1_1' title="bbox 630 439 691 503; baseline -0.033 0"><span class='ocrx_word' id='word_1_1' title='bbox 630 439 691 503; x_wconf 76' lang='lat'><strong>247</strong></span> 
     </span>
     <span class='ocr_line' id='line_1_2' title="bbox 104 611 1221 694; baseline 0.004 -12"><span class='ocrx_word' id='word_1_2' title='bbox 104 618 246 683; x_wconf 81' lang='lat' dir='ltr'><strong>sormam</strong></span> <span class='ocrx_word' id='word_1_3' title='bbox 267 615 411 682; x_wconf 86' lang='lat' dir='ltr'><strong>Attioam</strong></span> <span class='ocrx_word' id='word_1_4' title='bbox 430 611 603 694; x_wconf 72' lang='grc' dir='ltr'><strong><em>ἐκεῖνος,</em></strong></span> <span class='ocrx_word' id='word_1_5' title='bbox 636 618 721 683; x_wconf 87' lang='lat' dir='ltr'><strong>iuter</strong></span> <span class='ocrx_word' id='word_1_6' title='bbox 744 640 855 684; x_wconf 90' lang='lat' dir='ltr'><strong>omnes</strong></span> <span class='ocrx_word' id='word_1_7' title='bbox 877 639 963 684; x_wconf 88' lang='lat' dir='ltr'><strong>nuno</strong></span> <span class='ocrx_word' id='word_1_8' title='bbox 983 618 1063 684; x_wconf 87' lang='lat' dir='ltr'><strong>satis</strong></span> <span class='ocrx_word' id='word_1_9' title='bbox 1086 629 1221 688; x_wconf 71' lang='lat' dir='ltr'><strong>oonsmt.</strong></span> 
     </span>
     <span class='ocr_line' id='line_1_3' title="bbox 105 715 1222 806; baseline 0.003 -24"><span class='ocrx_word' id='word_1_10' title='bbox 105 715 206 798; x_wconf 76' lang='lat' dir='ltr'><strong>Quod</strong></span> <span class='ocrx_word' id='word_1_11' title='bbox 227 717 254 782; x_wconf 93' lang='lat' dir='ltr'><strong>si</strong></span> <span class='ocrx_word' id='word_1_12' title='bbox 274 717 322 781; x_wconf 90' lang='lat' dir='ltr'><strong>ita</strong></span> <span class='ocrx_word' id='word_1_13' title='bbox 344 724 407 797; x_wconf 88' lang='lat' dir='ltr'><strong>est,</strong></span> <span class='ocrx_word' id='word_1_14' title='bbox 437 718 496 782; x_wconf 88' lang='lat' dir='ltr'><strong>vix</strong></span> <span class='ocrx_word' id='word_1_15' title='bbox 523 718 692 804; x_wconf 87' lang='lat' dir='ltr'><strong>quisquam</strong></span> <span class='ocrx_word' id='word_1_16' title='bbox 714 716 919 784; x_wconf 86' lang='lat' dir='ltr'><strong>dubitaverit</strong></span> <span class='ocrx_word' id='word_1_17' title='bbox 948 716 1029 782; x_wconf 87' lang='lat' dir='ltr'><strong>duos</strong></span> <span class='ocrx_word' id='word_1_18' title='bbox 1052 717 1222 806; x_wconf 77' lang='lat' dir='ltr'>Sophoclis</span> 
     </span>
     <span class='ocr_line' id='line_1_4' title="bbox 102 813 1221 906; baseline 0.004 -26"><span class='ocrx_word' id='word_1_19' title='bbox 102 813 195 881; x_wconf 90' lang='lat' dir='ltr'><strong>looos</strong></span> <span class='ocrx_word' id='word_1_20' title='bbox 225 815 281 902; x_wconf 90' lang='lat' dir='ltr'><strong>qui</strong></span> <span class='ocrx_word' id='word_1_21' title='bbox 308 813 350 878; x_wconf 92' lang='lat' dir='ltr'><strong>ab</strong></span> <span class='ocrx_word' id='word_1_22' title='bbox 370 814 428 880; x_wconf 91' lang='lat' dir='ltr'><strong>illa</strong></span> <span class='ocrx_word' id='word_1_23' title='bbox 448 815 520 903; x_wconf 84' lang='lat' dir='ltr'><strong>lege</strong></span> <span class='ocrx_word' id='word_1_24' title='bbox 540 817 663 902; x_wconf 79' lang='lat' dir='ltr'>ingenti</span> <span class='ocrx_word' id='word_1_25' title='bbox 682 817 902 906; x_wconf 86' lang='lat' dir='ltr'><strong>exemplorum</strong></span> <span class='ocrx_word' id='word_1_26' title='bbox 917 815 1124 882; x_wconf 87' lang='lat' dir='ltr'><strong>multitudine</strong></span> <span class='ocrx_word' id='word_1_27' title='bbox 1147 839 1221 884; x_wconf 87' lang='lat' dir='ltr'><strong>oon·</strong></span> 
     </span>
     <span class='ocr_line' id='line_1_5' title="bbox 104 911 1221 999; baseline 0.004 -21"><span class='ocrx_word' id='word_1_28' title='bbox 104 915 236 980; x_wconf 85' lang='lat' dir='ltr'><strong>firmata</strong></span> <span class='ocrx_word' id='word_1_29' title='bbox 256 913 429 995; x_wconf 73' lang='lat' dir='ltr'><strong>recedant,</strong></span> <span class='ocrx_word' id='word_1_30' title='bbox 452 915 495 981; x_wconf 89' lang='lat' dir='ltr'><strong>ad</strong></span> <span class='ocrx_word' id='word_1_31' title='bbox 517 937 588 982; x_wconf 90' lang='lat' dir='ltr'><strong>eam</strong></span> <span class='ocrx_word' id='word_1_32' title='bbox 610 928 756 982; x_wconf 80' lang='lat' dir='ltr'><strong>normam</strong></span> <span class='ocrx_word' id='word_1_33' title='bbox 778 911 966 983; x_wconf 80' lang='lat' dir='ltr'><strong>emendare:</strong></span> <span class='ocrx_word' id='word_1_34' title='bbox 987 913 1036 982; x_wconf 78' lang='lat' dir='ltr'><strong>ill.</strong></span> <span class='ocrx_word' id='word_1_35' title='bbox 1060 921 1135 999; x_wconf 82' lang='lat'><strong>427,</strong></span> <span class='ocrx_word' id='word_1_36' title='bbox 1164 916 1221 982; x_wconf 90' lang='lat' dir='ltr'><strong>ubi</strong></span> 
     </span>
     <span class='ocr_line' id='line_1_6' title="bbox 103 1007 1218 1101; baseline 0.001 -24"><span class='ocrx_word' id='word_1_37' title='bbox 103 1036 165 1100; x_wconf 90' lang='lat' dir='ltr'><strong>pro</strong></span> <span class='ocrx_word' id='word_1_38' title='bbox 196 1007 322 1094; x_wconf 76' lang='grc' dir='ltr'><strong><em>πέμπει</em></strong></span> <span class='ocrx_word' id='word_1_39' title='bbox 352 1035 402 1095; x_wconf 72' lang='grc' dir='ltr'><strong>με</strong></span> <span class='ocrx_word' id='word_1_40' title='bbox 435 1008 550 1101; x_wconf 74' lang='grc' dir='ltr'><strong><em>κείνη</em></strong></span> <span class='ocrx_word' id='word_1_41' title='bbox 585 1023 674 1079; x_wconf 81' lang='lat' dir='ltr'><strong>certe</strong></span> <span class='ocrx_word' id='word_1_42' title='bbox 706 1014 913 1081; x_wconf 78' lang='lat' dir='ltr'><strong>scribendum</strong></span> <span class='ocrx_word' id='word_1_43' title='bbox 928 1061 930 1068; x_wconf 70' lang='lat'><strong>,</strong></span> <span class='ocrx_word' id='word_1_44' title='bbox 944 1023 993 1080; x_wconf 89' lang='lat' dir='ltr'><strong>est</strong></span> <span class='ocrx_word' id='word_1_45' title='bbox 1027 1008 1153 1096; x_wconf 82' lang='grc' dir='ltr'><strong><em>πέμπει</em></strong></span> <span class='ocrx_word' id='word_1_46' title='bbox 1178 1009 1218 1097; x_wconf 77' lang='grc' dir='ltr'><strong>μ’</strong></span> 
     </span>
     <span class='ocr_line' id='line_1_7' title="bbox 102 1105 1192 1199; baseline 0.01 -25"><span class='ocrx_word' id='word_1_47' title='bbox 102 1105 263 1199; x_wconf 61' lang='lat' dir='ltr'><strong>isaiae,</strong></span> <span class='ocrx_word' id='word_1_48' title='bbox 285 1121 317 1177; x_wconf 91' lang='lat' dir='ltr'><strong>et</strong></span> <span class='ocrx_word' id='word_1_49' title='bbox 336 1111 388 1178; x_wconf 89' lang='lat' dir='ltr'><strong>Ai.</strong></span> <span class='ocrx_word' id='word_1_50' title='bbox 418 1117 513 1182; x_wconf 83' lang='lat'>1303:</span> <span class='ocrx_word' id='word_1_51' title='bbox 1188 1112 1192 1129; x_wconf 78' lang='grc'><em>’</em></span> 
     </span>
     <span class='ocr_line' id='line_1_8' title="bbox 274 1203 1014 1299; baseline 0.003 -25"><span class='ocrx_word' id='word_1_52' title='bbox 274 1203 411 1298; x_wconf 83' lang='grc' dir='ltr'><strong><em>δώρημα</em></strong></span> <span class='ocrx_word' id='word_1_53' title='bbox 431 1204 552 1297; x_wconf 78' lang='grc' dir='ltr'><strong><em>κείνῳ</em></strong></span> <span class='ocrx_word' id='word_1_54' title='bbox 570 1203 691 1274; x_wconf 71' lang='grc' dir='ltr'><strong><em>’δῶκεν</em></strong></span> <span class='ocrx_word' id='word_1_55' title='bbox 708 1203 889 1299; x_wconf 73' lang='grc' dir='ltr'><strong>Ἀλκμήνης</strong></span> <span class='ocrx_word' id='word_1_56' title='bbox 909 1205 1014 1296; x_wconf 78' lang='grc' dir='ltr'><strong><em>μόνος,</em></strong></span> 
     </span>
     <span class='ocr_line' id='line_1_9' title="bbox 102 1303 1297 1402; baseline 0.003 -27"><span class='ocrx_word' id='word_1_57' title='bbox 102 1333 202 1398; x_wconf 90' lang='lat' dir='ltr'><strong>quem</strong></span> <span class='ocrx_word' id='word_1_58' title='bbox 223 1332 354 1376; x_wconf 87' lang='lat' dir='ltr'><strong>versum</strong></span> <span class='ocrx_word' id='word_1_59' title='bbox 375 1311 494 1376; x_wconf 86' lang='lat' dir='ltr'><strong>reetius</strong></span> <span class='ocrx_word' id='word_1_60' title='bbox 517 1311 564 1376; x_wconf 90' lang='lat' dir='ltr'><strong>sio</strong></span> <span class='ocrx_word' id='word_1_61' title='bbox 588 1308 704 1376; x_wconf 81' lang='lat' dir='ltr'><strong>scribi:</strong></span> <span class='ocrx_word' id='word_1_62' title='bbox 727 1303 853 1397; x_wconf 79' lang='grc' dir='ltr'><strong><em>δώρημ’</em></strong></span> <span class='ocrx_word' id='word_1_63' title='bbox 881 1304 968 1374; x_wconf 76' lang='lat' dir='ltr'><strong>inei</strong></span> <span class='ocrx_word' id='word_1_64' title='bbox 974 1334 1024 1396; x_wconf 80' lang='grc' dir='ltr'><strong>νην</strong></span> <span class='ocrx_word' id='word_1_65' title='bbox 1046 1321 1099 1379; x_wconf 88' lang='lat' dir='ltr'><strong>ett.</strong></span> <span class='ocrx_word' id='word_1_66' title='bbox 1122 1335 1216 1400; x_wconf 86' lang='lat' dir='ltr'><strong>prae·</strong></span> <span class='ocrx_word' id='word_1_67' title='bbox 1294 1396 1297 1402; x_wconf 24' lang='grc' dir='ltr'>Ι</span> 
     </span>
     <span class='ocr_line' id='line_1_10' title="bbox 101 1409 900 1483; baseline 0 -8"><span class='ocrx_word' id='word_1_68' title='bbox 101 1419 195 1476; x_wconf 88' lang='lat' dir='ltr'><strong>terea</strong></span> <span class='ocrx_word' id='word_1_69' title='bbox 218 1409 311 1476; x_wconf 87' lang='lat' dir='ltr'><strong>doeet</strong></span> <span class='ocrx_word' id='word_1_70' title='bbox 331 1409 421 1476; x_wconf 86' lang='lat' dir='ltr'><strong>loeus</strong></span> <span class='ocrx_word' id='word_1_71' title='bbox 443 1409 623 1475; x_wconf 87' lang='lat' dir='ltr'><strong>simillimus</strong></span> <span class='ocrx_word' id='word_1_72' title='bbox 646 1409 702 1476; x_wconf 86' lang='lat' dir='ltr'><strong>Tr.</strong></span> <span class='ocrx_word' id='word_1_73' title='bbox 724 1416 801 1479; x_wconf 81' lang='lat'><strong>603:</strong></span> <span class='ocrx_word' id='word_1_74' title='bbox 898 1479 900 1483; x_wconf 68' lang='grc'><strong>,</strong></span> 
     </span>
     <span class='ocr_line' id='line_1_11' title="bbox 272 1501 1038 1596; baseline 0.004 -25"><span class='ocrx_word' id='word_1_75' title='bbox 272 1502 398 1595; x_wconf 78' lang='grc' dir='ltr'><strong><em>δώρημ’</em></strong></span> <span class='ocrx_word' id='word_1_76' title='bbox 425 1502 540 1593; x_wconf 80' lang='grc' dir='ltr'><strong><em>ἐκείνῳ</em></strong></span> <span class='ocrx_word' id='word_1_77' title='bbox 562 1501 678 1593; x_wconf 80' lang='grc' dir='ltr'><strong><em>τάνδρὶ</em></strong></span> <span class='ocrx_word' id='word_1_78' title='bbox 696 1511 753 1596; x_wconf 78' lang='grc' dir='ltr'><strong>τῆς</strong></span> <span class='ocrx_word' id='word_1_79' title='bbox 770 1503 849 1596; x_wconf 77' lang='grc' dir='ltr'><strong><em>ἐμῆς</em></strong></span> <span class='ocrx_word' id='word_1_80' title='bbox 870 1503 1038 1593; x_wconf 60' lang='lat' dir='ltr'><strong>praedesti)</strong></span> 
     </span>
     <span class='ocr_line' id='line_1_12' title="bbox 188 1606 1219 1698; baseline 0.004 -26"><span class='ocrx_word' id='word_1_81' title='bbox 188 1606 255 1672; x_wconf 85' lang='lat' dir='ltr'><strong>Sed</strong></span> <span class='ocrx_word' id='word_1_82' title='bbox 276 1607 365 1674; x_wconf 92' lang='lat' dir='ltr'><strong>aliud</strong></span> <span class='ocrx_word' id='word_1_83' title='bbox 386 1617 445 1691; x_wconf 89' lang='lat' dir='ltr'><strong>est,</strong></span> <span class='ocrx_word' id='word_1_84' title='bbox 467 1607 627 1676; x_wconf 88' lang='lat' dir='ltr'><strong>voeabula</strong></span> <span class='ocrx_word' id='word_1_85' title='bbox 650 1611 683 1673; x_wconf 90' lang='lat' dir='ltr'><strong>in</strong></span> <span class='ocrx_word' id='word_1_86' title='bbox 706 1609 793 1674; x_wconf 91' lang='lat' dir='ltr'><strong>omni</strong></span> <span class='ocrx_word' id='word_1_87' title='bbox 815 1611 913 1696; x_wconf 82' lang='lat' dir='ltr'><strong>poesi</strong></span> <span class='ocrx_word' id='word_1_88' title='bbox 926 1609 1139 1675; x_wconf 84' lang='lat' dir='ltr'><strong>usitatissima</strong></span> <span class='ocrx_word' id='word_1_89' title='bbox 1153 1613 1219 1698; x_wconf 68' lang='lat' dir='ltr'><strong>‘pro</strong></span> 
     </span>
     <span class='ocr_line' id='line_1_13' title="bbox 102 1700 1218 1798; baseline 0.004 -26"><span class='ocrx_word' id='word_1_90' title='bbox 102 1707 173 1773; x_wconf 90' lang='lat' dir='ltr'><strong>sola</strong></span> <span class='ocrx_word' id='word_1_91' title='bbox 195 1700 403 1774; x_wconf 85' lang='lat' dir='ltr'><strong>numerorum</strong></span> <span class='ocrx_word' id='word_1_92' title='bbox 424 1700 550 1774; x_wconf 81' lang='lat' dir='ltr'><strong>ratione</strong></span> <span class='ocrx_word' id='word_1_93' title='bbox 571 1707 767 1774; x_wconf 80' lang='lat' dir='ltr'><strong>distribuere</strong></span> <span class='ocrx_word' id='word_1_94' title='bbox 789 1731 829 1772; x_wconf 90' lang='lat' dir='ltr'><strong>ae</strong></span> <span class='ocrx_word' id='word_1_95' title='bbox 850 1707 1033 1798; x_wconf 82' lang='lat' dir='ltr'><strong>disponere,</strong></span> <span class='ocrx_word' id='word_1_96' title='bbox 1056 1707 1145 1776; x_wconf 89' lang='lat' dir='ltr'><strong>aliud</strong></span> <span class='ocrx_word' id='word_1_97' title='bbox 1164 1733 1218 1776; x_wconf 89' lang='lat' dir='ltr'><strong>vo·</strong></span> 
     </span>
     <span class='ocr_line' id='line_1_14' title="bbox 81 1804 1242 1894; baseline 0.003 -24"><span class='ocrx_word' id='word_1_98' title='bbox 81 1828 173 1878; x_wconf 69' lang='lat' dir='ltr'><strong>¹oem</strong></span> <span class='ocrx_word' id='word_1_99' title='bbox 198 1804 370 1871; x_wconf 84' lang='lat' dir='ltr'><strong>admodum</strong></span> <span class='ocrx_word' id='word_1_100' title='bbox 403 1829 512 1872; x_wconf 87' lang='lat' dir='ltr'><strong>raram</strong></span> <span class='ocrx_word' id='word_1_101' title='bbox 545 1816 676 1892; x_wconf 88' lang='lat' dir='ltr'><strong>praeter</strong></span> <span class='ocrx_word' id='word_1_102' title='bbox 705 1809 831 1894; x_wconf 84' lang='lat' dir='ltr'><strong>poesim</strong></span> <span class='ocrx_word' id='word_1_103' title='bbox 863 1809 990 1894; x_wconf 81' lang='lat' dir='ltr'><strong>epicam</strong></span> <span class='ocrx_word' id='word_1_104' title='bbox 1022 1816 1054 1872; x_wconf 94' lang='lat' dir='ltr'><strong>et</strong></span> <span class='ocrx_word' id='word_1_105' title='bbox 1083 1806 1124 1872; x_wconf 94' lang='lat' dir='ltr'><strong>ob</strong></span> <span class='ocrx_word' id='word_1_106' title='bbox 1146 1831 1242 1874; x_wconf 89' lang='lat' dir='ltr'><strong>eam.</strong></span> 
     </span>
     <span class='ocr_line' id='line_1_15' title="bbox 100 1903 1339 1995; baseline 0.002 -26"><span class='ocrx_word' id='word_1_107' title='bbox 100 1905 210 1992; x_wconf 85' lang='lat' dir='ltr'><strong>ipsam</strong></span> <span class='ocrx_word' id='word_1_108' title='bbox 238 1927 307 1969; x_wconf 90' lang='lat' dir='ltr'><strong>rem</strong></span> <span class='ocrx_word' id='word_1_109' title='bbox 336 1903 492 1991; x_wconf 78' lang='lat' dir='ltr'><strong>singulari</strong></span> <span class='ocrx_word' id='word_1_110' title='bbox 514 1905 656 1992; x_wconf 88' lang='lat' dir='ltr'><strong>quadam</strong></span> <span class='ocrx_word' id='word_1_111' title='bbox 682 1908 718 1972; x_wconf 87' lang='lat' dir='ltr'><strong>vi</strong></span> <span class='ocrx_word' id='word_1_112' title='bbox 739 1929 799 1995; x_wconf 90' lang='lat' dir='ltr'><strong>per</strong></span> <span class='ocrx_word' id='word_1_113' title='bbox 827 1927 862 1972; x_wconf 91' lang='lat' dir='ltr'><strong>se</strong></span> <span class='ocrx_word' id='word_1_114' title='bbox 883 1905 1065 1992; x_wconf 82' lang='lat' dir='ltr'><strong>praeditam</strong></span> <span class='ocrx_word' id='word_1_115' title='bbox 1091 1905 1126 1969; x_wconf 93' lang='lat' dir='ltr'><strong>in</strong></span> <span class='ocrx_word' id='word_1_116' title='bbox 1147 1928 1217 1971; x_wconf 89' lang='lat' dir='ltr'><strong>ora·</strong></span> <span class='ocrx_word' id='word_1_117' title='bbox 1338 1949 1339 1952; x_wconf 57' lang='lat'><em>=</em></span> 
     </span>
     <span class='ocr_line' id='line_1_16' title="bbox 65 2001 1217 2092; baseline 0 -22"><span class='ocrx_word' id='word_1_118' title='bbox 65 2081 68 2087; x_wconf 25' lang='lat'><strong>¹</strong></span> <span class='ocrx_word' id='word_1_119' title='bbox 101 2005 225 2070; x_wconf 89' lang='lat' dir='ltr'><strong>tionem</strong></span> <span class='ocrx_word' id='word_1_120' title='bbox 246 2005 438 2072; x_wconf 77' lang='lat' dir='ltr'><strong>immiscere.</strong></span> <span class='ocrx_word' id='word_1_121' title='bbox 461 2003 580 2092; x_wconf 58' lang='lat' dir='ltr'><strong>¹(Quare</strong></span> <span class='ocrx_word' id='word_1_122' title='bbox 602 2027 666 2070; x_wconf 90' lang='lat' dir='ltr'><strong>uon</strong></span> <span class='ocrx_word' id='word_1_123' title='bbox 688 2004 898 2092; x_wconf 87' lang='lat' dir='ltr'><strong>probaverim</strong></span> <span class='ocrx_word' id='word_1_124' title='bbox 920 2004 1008 2090; x_wconf 91' lang='lat' dir='ltr'><strong>quod</strong></span> <span class='ocrx_word' id='word_1_125' title='bbox 1027 2001 1217 2070; x_wconf 87' lang='lat' dir='ltr'><strong>Dindorfius</strong></span> 
     </span>
     <span class='ocr_line' id='line_1_17' title="bbox 101 2098 1098 2192; baseline 0 -24"><span class='ocrx_word' id='word_1_126' title='bbox 101 2101 282 2168; x_wconf 86' lang='lat' dir='ltr'><strong>seeundum</strong></span> <span class='ocrx_word' id='word_1_127' title='bbox 297 2125 396 2170; x_wconf 89' lang='lat' dir='ltr'><strong>unum</strong></span> <span class='ocrx_word' id='word_1_128' title='bbox 411 2103 519 2169; x_wconf 83' lang='lat' dir='ltr'><strong>locum</strong></span> <span class='ocrx_word' id='word_1_129' title='bbox 534 2102 590 2168; x_wconf 92' lang='lat' dir='ltr'><strong>ubi</strong></span> <span class='ocrx_word' id='word_1_130' title='bbox 609 2102 693 2169; x_wconf 88' lang='lat' dir='ltr'><strong>bene</strong></span> <span class='ocrx_word' id='word_1_131' title='bbox 706 2105 915 2170; x_wconf 83' lang='lat' dir='ltr'><strong>confirmatur</strong></span> <span class='ocrx_word' id='word_1_132' title='bbox 932 2098 1098 2192; x_wconf 81' lang='lat' dir='ltr'><strong>scriptura</strong></span> 
     </span>
     <span class='ocr_line' id='line_1_18' title="bbox 142 2196 1217 2289; baseline 0.002 -23"><span class='ocrx_word' id='word_1_133' title='bbox 142 2196 242 2286; x_wconf 77' lang='grc' dir='ltr'><strong><em>ἱρός,</em></strong></span> <span class='ocrx_word' id='word_1_134' title='bbox 266 2211 392 2270; x_wconf 86' lang='lat' dir='ltr'><strong>eeteros</strong></span> <span class='ocrx_word' id='word_1_135' title='bbox 413 2211 583 2289; x_wconf 87' lang='lat' dir='ltr'><strong>poetarum</strong></span> <span class='ocrx_word' id='word_1_136' title='bbox 601 2225 715 2269; x_wconf 86' lang='lat' dir='ltr'><strong>versus</strong></span> <span class='ocrx_word' id='word_1_137' title='bbox 727 2205 966 2270; x_wconf 88' lang='lat' dir='ltr'><strong>ita-eommutat</strong></span> <span class='ocrx_word' id='word_1_138' title='bbox 979 2213 1017 2268; x_wconf 92' lang='lat' dir='ltr'><strong>ut</strong></span> <span class='ocrx_word' id='word_1_139' title='bbox 1034 2201 1217 2288; x_wconf 86' lang='lat' dir='ltr'><strong>ubieunque</strong></span> 
     </span>
     <span class='ocr_line' id='line_1_19' title="bbox 100 2294 1215 2389; baseline 0.001 -24"><span class='ocrx_word' id='word_1_140' title='bbox 100 2294 234 2386; x_wconf 71' lang='lat' dir='ltr'><strong>iapo&#39;gin</strong></span> <span class='ocrx_word' id='word_1_141' title='bbox 251 2300 357 2367; x_wconf 90' lang='lat' dir='ltr'><strong>medio</strong></span> <span class='ocrx_word' id='word_1_142' title='bbox 378 2323 477 2367; x_wconf 84' lang='lat' dir='ltr'><strong>versu</strong></span> <span class='ocrx_word' id='word_1_143' title='bbox 496 2303 635 2388; x_wconf 90' lang='lat' dir='ltr'><strong>positum</strong></span> <span class='ocrx_word' id='word_1_144' title='bbox 651 2312 709 2382; x_wconf 87' lang='lat' dir='ltr'><strong>est,</strong></span> <span class='ocrx_word' id='word_1_145' title='bbox 724 2324 784 2389; x_wconf 92' lang='lat' dir='ltr'><strong>pro</strong></span> <span class='ocrx_word' id='word_1_146' title='bbox 800 2326 837 2368; x_wconf 94' lang='lat' dir='ltr'><strong>eo</strong></span> <span class='ocrx_word' id='word_1_147' title='bbox 853 2301 1028 2368; x_wconf 85' lang='lat' dir='ltr'><strong>substituat</strong></span> <span class='ocrx_word' id='word_1_148' title='bbox 1041 2300 1084 2366; x_wconf 84' lang='lat' dir='ltr'><strong>ad</strong></span> <span class='ocrx_word' id='word_1_149' title='bbox 1098 2300 1215 2367; x_wconf 84' lang='lat' dir='ltr'><strong>tribra-</strong></span> 
     </span>
     <span class='ocr_line' id='line_1_20' title="bbox 100 2392 1314 2490; baseline 0 -24"><span class='ocrx_word' id='word_1_150' title='bbox 100 2401 198 2466; x_wconf 90' lang='lat' dir='ltr'><strong>ohum</strong></span> <span class='ocrx_word' id='word_1_151' title='bbox 210 2399 379 2490; x_wconf 85' lang='lat' dir='ltr'><strong>vitandum</strong></span> <span class='ocrx_word' id='word_1_152' title='bbox 393 2392 474 2479; x_wconf 71' lang='grc' dir='ltr'><strong><em>δρός.</em></strong></span> <span class='ocrx_word' id='word_1_153' title='bbox 491 2399 603 2485; x_wconf 86' lang='lat' dir='ltr'><strong>Neque</strong></span> <span class='ocrx_word' id='word_1_154' title='bbox 617 2403 702 2468; x_wconf 90' lang='lat' dir='ltr'><strong>enim</strong></span> <span class='ocrx_word' id='word_1_155' title='bbox 717 2399 892 2467; x_wconf 87' lang='lat' dir='ltr'><strong>verisimile</strong></span> <span class='ocrx_word' id='word_1_156' title='bbox 900 2409 950 2465; x_wconf 87' lang='lat' dir='ltr'><strong>est</strong></span> <span class='ocrx_word' id='word_1_157' title='bbox 961 2401 1044 2465; x_wconf 78' lang='lat' dir='ltr'><strong>sorte</strong></span> <span class='ocrx_word' id='word_1_158' title='bbox 1057 2401 1217 2466; x_wconf 87' lang='lat' dir='ltr'><strong>fortunae</strong></span> <span class='ocrx_word' id='word_1_159' title='bbox 1246 2457 1248 2462; x_wconf 74' lang='grc'><strong><em>,</em></strong></span> <span class='ocrx_word' id='word_1_160' title='bbox 1311 2397 1314 2406; x_wconf 81' lang='grc'><strong>’</strong></span> 
     </span>
     <span class='ocr_line' id='line_1_21' title="bbox 101 2497 1215 2587; baseline 0 -23"><span class='ocrx_word' id='word_1_161' title='bbox 101 2509 150 2565; x_wconf 92' lang='lat' dir='ltr'><strong>tot</strong></span> <span class='ocrx_word' id='word_1_162' title='bbox 179 2499 274 2566; x_wconf 77' lang='lat' dir='ltr'><strong>liuius</strong></span> <span class='ocrx_word' id='word_1_163' title='bbox 300 2497 452 2566; x_wconf 86' lang='lat' dir='ltr'><strong>voeabuli</strong></span> <span class='ocrx_word' id='word_1_164' title='bbox 481 2499 639 2587; x_wconf 85' lang='lat' dir='ltr'><strong>exemplis</strong></span> <span class='ocrx_word' id='word_1_165' title='bbox 667 2523 766 2566; x_wconf 87' lang='lat' dir='ltr'><strong>unum</strong></span> <span class='ocrx_word' id='word_1_166' title='bbox 794 2521 942 2564; x_wconf 87' lang='lat' dir='ltr'><strong>servasse</strong></span> <span class='ocrx_word' id='word_1_167' title='bbox 969 2521 1081 2567; x_wconf 86' lang='lat' dir='ltr'><strong>veram</strong></span> <span class='ocrx_word' id='word_1_168' title='bbox 1108 2509 1141 2564; x_wconf 89' lang='lat' dir='ltr'><strong>et</strong></span> <span class='ocrx_word' id='word_1_169' title='bbox 1161 2521 1215 2586; x_wconf 86' lang='lat' dir='ltr'><strong>ge-</strong></span> 
     </span>
     <span class='ocr_line' id='line_1_22' title="bbox 65 2595 1215 2685; baseline -0.001 -21"><span class='ocrx_word' id='word_1_170' title='bbox 65 2595 68 2602; x_wconf 62' lang='grc'><em>’</em></span> <span class='ocrx_word' id='word_1_171' title='bbox 101 2601 236 2665; x_wconf 87' lang='lat' dir='ltr'><strong>nuinarn</strong></span> <span class='ocrx_word' id='word_1_172' title='bbox 257 2599 468 2685; x_wconf 76' lang='lat' dir='ltr'><strong>scripturam,</strong></span> <span class='ocrx_word' id='word_1_173' title='bbox 492 2606 602 2664; x_wconf 85' lang='lat' dir='ltr'><strong>cetera</strong></span> <span class='ocrx_word' id='word_1_174' title='bbox 622 2600 731 2666; x_wconf 89' lang='lat' dir='ltr'><strong>omnia</strong></span> <span class='ocrx_word' id='word_1_175' title='bbox 751 2622 772 2664; x_wconf 93' lang='lat' dir='ltr'><strong>a</strong></span> <span class='ocrx_word' id='word_1_176' title='bbox 792 2597 936 2664; x_wconf 86' lang='lat' dir='ltr'><strong>librariis</strong></span> <span class='ocrx_word' id='word_1_177' title='bbox 959 2621 1030 2663; x_wconf 82' lang='lat' dir='ltr'><strong>esse</strong></span> <span class='ocrx_word' id='word_1_178' title='bbox 1051 2607 1215 2685; x_wconf 78' lang='lat' dir='ltr'><strong>corrupta,</strong></span> 
     </span>
     <span class='ocr_line' id='line_1_23' title="bbox 102 2696 1215 2768; baseline -0.002 -5"><span class='ocrx_word' id='word_1_179' title='bbox 102 2707 134 2764; x_wconf 94' lang='lat' dir='ltr'><strong>et</strong></span> <span class='ocrx_word' id='word_1_180' title='bbox 147 2707 241 2763; x_wconf 87' lang='lat' dir='ltr'><strong>tauta</strong></span> <span class='ocrx_word' id='word_1_181' title='bbox 251 2696 587 2764; x_wconf 72' lang='lat' dir='ltr'><strong>versuum&#39;multitudo</strong></span> <span class='ocrx_word' id='word_1_182' title='bbox 599 2706 701 2763; x_wconf 89' lang='lat' dir='ltr'><strong>restat</strong></span> <span class='ocrx_word' id='word_1_183' title='bbox 711 2697 767 2762; x_wconf 89' lang='lat' dir='ltr'><strong>ubi</strong></span> <span class='ocrx_word' id='word_1_184' title='bbox 780 2697 1019 2763; x_wconf 77' lang='lat' dir='ltr'><strong>tribrachorum</strong></span> <span class='ocrx_word' id='word_1_185' title='bbox 1034 2696 1215 2768; x_wconf 83' lang='lat' dir='ltr'><strong>molestiam</strong></span> 
     </span>
     <span class='ocr_line' id='line_1_24' title="bbox 102 2790 1215 2883; baseline 0 -21"><span class='ocrx_word' id='word_1_186' title='bbox 102 2790 272 2862; x_wconf 83' lang='lat' dir='ltr'><strong>removere</strong></span> <span class='ocrx_word' id='word_1_187' title='bbox 286 2818 327 2862; x_wconf 89' lang='lat' dir='ltr'><strong>ne</strong></span> <span class='ocrx_word' id='word_1_188' title='bbox 339 2795 513 2862; x_wconf 85' lang='lat' dir='ltr'><strong>Diudorfio</strong></span> <span class='ocrx_word' id='word_1_189' title='bbox 529 2796 658 2883; x_wconf 89' lang='lat' dir='ltr'><strong>quidem</strong></span> <span class='ocrx_word' id='word_1_190' title='bbox 674 2797 855 2882; x_wconf 87' lang='lat' dir='ltr'><strong>eontigerit,</strong></span> <span class='ocrx_word' id='word_1_191' title='bbox 876 2803 912 2864; x_wconf 89' lang='lat' dir='ltr'><strong>ut</strong></span> <span class='ocrx_word' id='word_1_192' title='bbox 925 2795 1065 2862; x_wconf 79' lang='lat' dir='ltr'><strong>liceatne</strong></span> <span class='ocrx_word' id='word_1_193' title='bbox 1079 2795 1215 2862; x_wconf 88' lang='lat' dir='ltr'><strong>alteram</strong></span> 
     </span>
     <span class='ocr_line' id='line_1_25' title="bbox 103 2889 1214 2984; baseline 0.001 -24"><span class='ocrx_word' id='word_1_194' title='bbox 103 2907 233 2984; x_wconf 87' lang='lat' dir='ltr'><strong>partem</strong></span> <span class='ocrx_word' id='word_1_195' title='bbox 254 2897 409 2960; x_wconf 77' lang='lat' dir='ltr'><strong>intactam</strong></span> <span class='ocrx_word' id='word_1_196' title='bbox 432 2893 629 2983; x_wconf 86' lang='lat' dir='ltr'><strong>relinquere,</strong></span> <span class='ocrx_word' id='word_1_197' title='bbox 642 2889 849 2960; x_wconf 50' lang='lat' dir='ltr'><strong>¹commutare</strong></span> <span class='ocrx_word' id='word_1_198' title='bbox 870 2917 930 2982; x_wconf 89' lang='lat' dir='ltr'><strong>pro</strong></span> <span class='ocrx_word' id='word_1_199' title='bbox 953 2895 1056 2960; x_wconf 89' lang='lat' dir='ltr'><strong>libero</strong></span> <span class='ocrx_word' id='word_1_200' title='bbox 1078 2894 1214 2962; x_wconf 89' lang='lat' dir='ltr'><strong>arbitrio</strong></span> 
     </span>
     <span class='ocr_line' id='line_1_26' title="bbox 102 2993 1215 3077; baseline 0 -17"><span class='ocrx_word' id='word_1_201' title='bbox 102 2995 258 3077; x_wconf 86' lang='lat' dir='ltr'><strong>alteram,</strong></span> <span class='ocrx_word' id='word_1_202' title='bbox 290 2993 387 3059; x_wconf 88' lang='lat' dir='ltr'><strong>valde</strong></span> <span class='ocrx_word' id='word_1_203' title='bbox 409 2993 543 3058; x_wconf 90' lang='lat' dir='ltr'><strong>dubium</strong></span> <span class='ocrx_word' id='word_1_204' title='bbox 566 2995 617 3059; x_wconf 85' lang='lat' dir='ltr'><strong>sit.</strong></span> <span class='ocrx_word' id='word_1_205' title='bbox 660 2993 800 3059; x_wconf 89' lang='lat' dir='ltr'><strong>Omnino</strong></span> <span class='ocrx_word' id='word_1_206' title='bbox 822 3003 930 3058; x_wconf 87' lang='lat' dir='ltr'><strong>autem</strong></span> <span class='ocrx_word' id='word_1_207' title='bbox 950 3016 1016 3059; x_wconf 87' lang='lat' dir='ltr'><strong>non</strong></span> <span class='ocrx_word' id='word_1_208' title='bbox 1037 2993 1106 3058; x_wconf 88' lang='lat' dir='ltr'><strong>sine</strong></span> <span class='ocrx_word' id='word_1_209' title='bbox 1128 3001 1215 3060; x_wconf 78' lang='lat' dir='ltr'><strong>oerto</strong></span> 
     </span>
     <span class='ocr_line' id='line_1_27' title="bbox 102 3091 1214 3179; baseline 0 -21"><span class='ocrx_word' id='word_1_210' title='bbox 102 3092 238 3160; x_wconf 88' lang='lat' dir='ltr'><strong>oonsilio</strong></span> <span class='ocrx_word' id='word_1_211' title='bbox 261 3095 294 3158; x_wconf 89' lang='lat' dir='ltr'><strong>in</strong></span> <span class='ocrx_word' id='word_1_212' title='bbox 316 3116 380 3158; x_wconf 89' lang='lat' dir='ltr'><strong>uno</strong></span> <span class='ocrx_word' id='word_1_213' title='bbox 400 3091 456 3158; x_wconf 92' lang='lat' dir='ltr'><strong>illo</strong></span> <span class='ocrx_word' id='word_1_214' title='bbox 477 3115 590 3176; x_wconf 88' lang='lat' dir='ltr'><strong>versu,</strong></span> <span class='ocrx_word' id='word_1_215' title='bbox 620 3091 689 3159; x_wconf 83' lang='lat'><strong>00.</strong></span> <span class='ocrx_word' id='word_1_216' title='bbox 712 3098 759 3176; x_wconf 86' lang='lat'><strong>16,</strong></span> <span class='ocrx_word' id='word_1_217' title='bbox 780 3091 919 3158; x_wconf 87' lang='lat' dir='ltr'><strong>formam</strong></span> <span class='ocrx_word' id='word_1_218' title='bbox 942 3093 1067 3178; x_wconf 88' lang='lat' dir='ltr'><strong>epioam</strong></span> <span class='ocrx_word' id='word_1_219' title='bbox 1091 3091 1214 3179; x_wconf 62' lang='lat' dir='ltr'><strong>Sophoss</strong></span> 
     </span>
     <span class='ocr_line' id='line_1_28' title="bbox 102 3190 1355 3285; baseline -0.002 -27"><span class='ocrx_word' id='word_1_220' title='bbox 102 3193 169 3258; x_wconf 85' lang='lat' dir='ltr'><strong>eles</strong></span> <span class='ocrx_word' id='word_1_221' title='bbox 193 3214 369 3280; x_wconf 81' lang='lat' dir='ltr'><strong>usurpasse</strong></span> <span class='ocrx_word' id='word_1_222' title='bbox 396 3191 533 3258; x_wconf 86' lang='lat' dir='ltr'><strong>videtur.</strong></span> <span class='ocrx_word' id='word_1_223' title='bbox 576 3191 659 3273; x_wconf 77' lang='lat' dir='ltr'><strong>Quis</strong></span> <span class='ocrx_word' id='word_1_224' title='bbox 690 3199 739 3255; x_wconf 92' lang='lat' dir='ltr'><strong>est</strong></span> <span class='ocrx_word' id='word_1_225' title='bbox 766 3192 851 3258; x_wconf 89' lang='lat' dir='ltr'><strong>enim</strong></span> <span class='ocrx_word' id='word_1_226' title='bbox 881 3191 959 3280; x_wconf 90' lang='lat' dir='ltr'><strong>quin</strong></span> <span class='ocrx_word' id='word_1_227' title='bbox 990 3192 1025 3256; x_wconf 90' lang='lat' dir='ltr'><strong>in</strong></span> <span class='ocrx_word' id='word_1_228' title='bbox 1050 3190 1113 3258; x_wconf 88' lang='lat' dir='ltr'><strong>hae</strong></span> <span class='ocrx_word' id='word_1_229' title='bbox 1142 3211 1220 3285; x_wconf 67' lang='lat' dir='ltr'><strong>ven</strong></span> <span class='ocrx_word' id='word_1_230' title='bbox 1315 3279 1317 3284; x_wconf 23' lang='grc' dir='ltr'>Ι</span> <span class='ocrx_word' id='word_1_231' title='bbox 1353 3273 1355 3278; x_wconf 23' lang='grc' dir='ltr'>Ι</span> 
     </span>
     <span class='ocr_line' id='line_1_29' title="bbox 101 3289 819 3378; baseline -0.004 -20"><span class='ocrx_word' id='word_1_232' title='bbox 101 3291 218 3358; x_wconf 91' lang='lat' dir='ltr'><strong>borum</strong></span> <span class='ocrx_word' id='word_1_233' title='bbox 239 3291 481 3378; x_wconf 77' lang='lat' dir='ltr'><strong>magnificentia</strong></span> <span class='ocrx_word' id='word_1_234' title='bbox 503 3300 535 3355; x_wconf 88' lang='lat' dir='ltr'><strong>et</strong></span> <span class='ocrx_word' id='word_1_235' title='bbox 556 3289 756 3377; x_wconf 76' lang='lat' dir='ltr'><strong>granditate:</strong></span> <span class='ocrx_word' id='word_1_236' title='bbox 817 3327 819 3332; x_wconf 95' lang='lat'>·</span> 
     </span>
     <span class='ocr_line' id='line_1_30' title="bbox 226 3379 1021 3474; baseline -0.005 -20"><span class='ocrx_word' id='word_1_237' title='bbox 226 3386 333 3474; x_wconf 76' lang='grc' dir='ltr'><strong><em>χωρδς</em></strong></span> <span class='ocrx_word' id='word_1_238' title='bbox 354 3381 388 3453; x_wconf 79' lang='grc' dir='ltr'><strong>δ’</strong></span> <span class='ocrx_word' id='word_1_239' title='bbox 414 3381 468 3454; x_wconf 77' lang='grc' dir='ltr'><strong>ὅδ’</strong></span> <span class='ocrx_word' id='word_1_240' title='bbox 492 3382 555 3474; x_wconf 63' lang='lat' dir='ltr'><strong>tot</strong></span> <span class='ocrx_word' id='word_1_241' title='bbox 568 3411 602 3466; x_wconf 87' lang='grc' dir='ltr'><strong>ς,</strong></span> <span class='ocrx_word' id='word_1_242' title='bbox 625 3381 670 3465; x_wconf 84' lang='grc' dir='ltr'><strong>ὡς</strong></span> <span class='ocrx_word' id='word_1_243' title='bbox 692 3380 886 3464; x_wconf 78' lang='grc' dir='ltr'><strong>ἀπεικάσαι,</strong></span> <span class='ocrx_word' id='word_1_244' title='bbox 910 3379 1021 3470; x_wconf 78' lang='grc' dir='ltr'><strong><em>βρύων</em></strong></span> 
     </span>
     <span class='ocr_line' id='line_1_31' title="bbox 229 3478 1003 3576; baseline -0.006 -22"><span class='ocrx_word' id='word_1_245' title='bbox 229 3487 365 3576; x_wconf 81' lang='grc' dir='ltr'><strong>δάφνης,</strong></span> <span class='ocrx_word' id='word_1_246' title='bbox 390 3481 515 3572; x_wconf 77' lang='grc' dir='ltr'><strong>ἐλαίας,</strong></span> <span class='ocrx_word' id='word_1_247' title='bbox 538 3479 707 3570; x_wconf 78' lang='grc' dir='ltr'><strong><em>ἀμπέλου·</em></strong></span> <span class='ocrx_word' id='word_1_248' title='bbox 729 3480 954 3570; x_wconf 78' lang='grc' dir='ltr'><strong><em>πυκνόππεροι</em></strong></span> <span class='ocrx_word' id='word_1_249' title='bbox 970 3478 1003 3549; x_wconf 82' lang='grc' dir='ltr'><strong>δ’</strong></span> 
     </span>
     <span class='ocr_line' id='line_1_32' title="bbox 228 3578 1318 3679; baseline -0.005 -27"><span class='ocrx_word' id='word_1_250' title='bbox 228 3581 307 3653; x_wconf 76' lang='grc' dir='ltr'><em>εἴσω</em></span> <span class='ocrx_word' id='word_1_251' title='bbox 329 3579 404 3652; x_wconf 77' lang='grc' dir='ltr'><strong>κατ’</strong></span> <span class='ocrx_word' id='word_1_252' title='bbox 430 3579 531 3654; x_wconf 78' lang='grc' dir='ltr'><strong><em>αὐτὸν</em></strong></span> <span class='ocrx_word' id='word_1_253' title='bbox 553 3579 748 3668; x_wconf 75' lang='grc' dir='ltr'><strong><em>εδοτομοῦσ’</em></strong></span> <span class='ocrx_word' id='word_1_254' title='bbox 771 3578 920 3672; x_wconf 80' lang='grc' dir='ltr'><strong><em>ἀηδόνες,</em></strong></span> <span class='ocrx_word' id='word_1_255' title='bbox 1315 3673 1318 3679; x_wconf 26' lang='lat'><strong><em>¹</em></strong></span> 
     </span>
     <span class='ocr_line' id='line_1_33' title="bbox 102 3683 1213 3776; baseline -0.003 -24"><span class='ocrx_word' id='word_1_256' title='bbox 102 3689 309 3776; x_wconf 90' lang='lat' dir='ltr'><strong>ipse.sentire</strong></span> <span class='ocrx_word' id='word_1_257' title='bbox 323 3687 473 3754; x_wconf 87' lang='lat' dir='ltr'><strong>videatur</strong></span> <span class='ocrx_word' id='word_1_258' title='bbox 488 3685 621 3753; x_wconf 88' lang='lat' dir='ltr'><strong>deorum</strong></span> <span class='ocrx_word' id='word_1_259' title='bbox 639 3687 859 3773; x_wconf 85' lang='lat' dir='ltr'><strong>praesentiam</strong></span> <span class='ocrx_word' id='word_1_260' title='bbox 874 3693 906 3749; x_wconf 90' lang='lat' dir='ltr'><strong>et</strong></span> <span class='ocrx_word' id='word_1_261' title='bbox 920 3683 984 3750; x_wconf 90' lang='lat' dir='ltr'><strong>loei</strong></span> <span class='ocrx_word' id='word_1_262' title='bbox 999 3686 1213 3769; x_wconf 76' lang='lat' dir='ltr'><strong>sanctitatem,</strong></span> 
     </span>
     <span class='ocr_line' id='line_1_34' title="bbox 104 3781 1215 3874; baseline -0.004 -22"><span class='ocrx_word' id='word_1_263' title='bbox 104 3809 200 3874; x_wconf 89' lang='lat' dir='ltr'><strong>quem</strong></span> <span class='ocrx_word' id='word_1_264' title='bbox 220 3786 386 3873; x_wconf 87' lang='lat' dir='ltr'><strong>Antigona</strong></span> <span class='ocrx_word' id='word_1_265' title='bbox 407 3809 472 3851; x_wconf 92' lang='lat' dir='ltr'><strong>non</strong></span> <span class='ocrx_word' id='word_1_266' title='bbox 494 3787 563 3851; x_wconf 90' lang='lat' dir='ltr'><strong>sine</strong></span> <span class='ocrx_word' id='word_1_267' title='bbox 584 3795 672 3850; x_wconf 88' lang='lat' dir='ltr'><strong>metu</strong></span> <span class='ocrx_word' id='word_1_268' title='bbox 694 3784 835 3871; x_wconf 90' lang='lat' dir='ltr'><strong>quodam</strong></span> <span class='ocrx_word' id='word_1_269' title='bbox 857 3804 896 3848; x_wconf 88' lang='lat' dir='ltr'><strong>ae</strong></span> <span class='ocrx_word' id='word_1_270' title='bbox 916 3781 1078 3868; x_wconf 84' lang='lat' dir='ltr'><strong>religione</strong></span> <span class='ocrx_word' id='word_1_271' title='bbox 1096 3782 1215 3848; x_wconf 89' lang='lat' dir='ltr'><strong>audeat</strong></span> 
     </span>
     <span class='ocr_line' id='line_1_35' title="bbox 102 3881 1214 3971; baseline -0.005 -19"><span class='ocrx_word' id='word_1_272' title='bbox 102 3885 248 3952; x_wconf 80' lang='lat' dir='ltr'><strong>intrare?</strong></span> <span class='ocrx_word' id='word_1_273' title='bbox 300 3885 406 3950; x_wconf 88' lang='lat' dir='ltr'><strong>Huius</strong></span> <span class='ocrx_word' id='word_1_274' title='bbox 434 3885 533 3971; x_wconf 83' lang='lat' dir='ltr'><strong>igitur</strong></span> <span class='ocrx_word' id='word_1_275' title='bbox 561 3907 676 3949; x_wconf 84' lang='lat' dir='ltr'><strong>versus</strong></span> <span class='ocrx_word' id='word_1_276' title='bbox 710 3883 904 3970; x_wconf 85' lang='lat' dir='ltr'><strong>elegantiam</strong></span> <span class='ocrx_word' id='word_1_277' title='bbox 930 3881 1124 3968; x_wconf 85' lang='lat' dir='ltr'><strong>exstinguit,</strong></span> <span class='ocrx_word' id='word_1_278' title='bbox 1158 3883 1214 3970; x_wconf 88' lang='lat' dir='ltr'><strong>qui</strong></span> 
     </span>
    </p>
   </div>
   <div class='ocr_carea' id='block_1_2' title="bbox 106 4021 310 4028">
    <p class='ocr_par' dir='ltr' id='par_1_2' title="bbox 106 4021 310 4028">
     <span class='ocr_line' id='line_1_36' title="bbox 106 4021 310 4028; baseline 0.01 -2"><span class='ocrx_word' id='word_1_279' title='bbox 106 4021 310 4028; x_wconf 71' lang='lat'>——..—-.</span> 
     </span>
    </p>
   </div>
   <div class='ocr_carea' id='block_1_3' title="bbox 152 4081 741 4172">
    <p class='ocr_par' dir='ltr' id='par_1_3' title="bbox 152 4081 741 4172">
     <span class='ocr_line' id='line_1_37' title="bbox 152 4081 741 4172; baseline -0.019 -8"><span class='ocrx_word' id='word_1_280' title='bbox 152 4102 214 4172; x_wconf 73' lang='lat' dir='ltr'><strong>aaa)</strong></span> <span class='ocrx_word' id='word_1_281' title='bbox 233 4098 275 4159; x_wconf 80' lang='lat' dir='ltr'><strong>cf.</strong></span> <span class='ocrx_word' id='word_1_282' title='bbox 293 4096 432 4158; x_wconf 79' lang='lat' dir='ltr'><strong>nuaorffi</strong></span> <span class='ocrx_word' id='word_1_283' title='bbox 449 4102 507 4155; x_wconf 79' lang='lat' dir='ltr'><strong>not.</strong></span> <span class='ocrx_word' id='word_1_284' title='bbox 527 4097 563 4154; x_wconf 77' lang='lat' dir='ltr'><strong>ao</strong></span> <span class='ocrx_word' id='word_1_285' title='bbox 579 4097 624 4154; x_wconf 74' lang='lat' dir='ltr'><strong>si.</strong></span> <span class='ocrx_word' id='word_1_286' title='bbox 645 4100 717 4154; x_wconf 73' lang='lat' dir='ltr'><strong>usos.</strong></span> <span class='ocrx_word' id='word_1_287' title='bbox 738 4081 741 4089; x_wconf 84' lang='lat'>&#39;</span> 
     </span>
    </p>
   </div>
   <div class='ocr_carea' id='block_1_4' title="bbox 0 0 1548 4966">
    <p class='ocr_par' dir='ltr' id='par_1_4' title="bbox 0 0 1548 4966">
     <span class='ocr_line' id='line_1_38' title="bbox 0 0 1548 4966; baseline 0 0"><span class='ocrx_word' id='word_1_288' title='bbox 0 0 1548 4966; x_wconf 95' lang='lat' dir='ltr'><strong> </strong></span> 
     </span>
    </p>
   </div>
  </div>
 </body>
</html>
