3088 4966
890 441 952 506 238

362 623 455 705 quasi
478 631 647 706 poctarum
670 619 801 705 linguae
823 621 977 706 propriae
1000 643 1040 686 ac
1056 622 1238 708 peculiares
1254 622 1361 686 factae
1375 630 1465 702 erant,

362 720 506 784 utnulla
529 722 723 806 interposita
744 718 902 804 singulari
934 743 1053 786 caussa
1085 721 1154 786 sola
1187 744 1394 788 numerorum
1419 744 1466 806 op·

361 821 544 905 portunitas
567 819 662 884 modo
685 820 769 886 hanc
789 818 885 884 modo
907 819 996 884 illam
1019 821 1158 886 formam
1179 820 1429 886 commendaret.

445 921 494 984 Ac
512 921 681 999 μοῦνος,
715 942 780 1005 qua
807 940 888 981 voce
909 919 1071 986 Homerus
1100 921 1170 986 sola
1193 923 1296 986 utitur
1326 942 1384 1007 pro
1410 919 1468 982 vol·

361 1022 433 1106 gari
454 1013 631 1100 μόνος,“λ)
653 1019 702 1082 his
723 1017 841 1101 legitur
859 1019 893 1080 in
914 1017 994 1084 locis
1017 1019 1318 1104 diverbiorum:

402 1119 453 1184 Αἰ.
480 1125 572 1186 1276:
594 1109 747 1200 δρρόοαε’
772 1111 886 1178 ἐλθών
906 1120 1038 1196 μοῦνος.

402 1219 452 1284 ΕΙ.
477 1225 552 1285 531:
581 1214 617 1300 τι]
624 1239 640 1277 ν
661 1213 719 1300 σὴν
742 1211 890 1296 ὅμαιμον
912 1219 1034 1296 μοῦνος
1052 1211 1216 1302 Ἑλλήνων
1239 1211 1316 1302 ἔτλη
1339 1219 1471 1294 (δῦσαι),
1531 1225 1532 1274 t

403 1317 471 1383 ΟΒ.
496 1325 568 1385 304:
590 1309 718 1400 σωτῆρά
739 1307 783 1390 ν’,
807 1305 904 1392 ιδναξ,
925 1320 1048 1395 μοῦνον
1071 1309 1309 1400 ἑξενρίοκομεν.

403 1416 470 1481 OR.
497 1423 589 1484 1418:
607 1408 716 1495 χώρας
737 1411 910 1476 λέλειπται
931 1418 1054 1495 μοῦνος
1076 1407 1148 1477 ἄνεί
1169 1417 1228 1477 σοῦ
1253 1409 1372 1502 φύλαξ.

403 1516 470 1582 OG.
492 1523 566 1583 875:
599 1505 678 1592 (δόξαν
705 1507 776 1599 βίᾳ)
805 1505 855 1576 κεί
883 1509 1007 1596 μοῦνος
1028 1506 1114 1594 εἰμι,
1148 1509 1253 1590 τόνδε,
1288 1510 1347 1576 καὶ
1373 1507 1471 1596 χρόνῳ

361 1611 493 1698 βραδύς.

403 1713 471 1780 OC.
494 1719 570 1781 991:
593 1704 628 1774 ‘iv
651 1710 712 1794 γάρ
732 1704 771 1790 μ)
795 1703 944 1799 ἄμειψαι
965 1716 1088 1794 μοῦνον
1109 1699 1155 1774 ὧν
1178 1703 1210 1774 o'
1235 1703 1416 1792 ἇνιοεοριῦ.

404 1811 473 1879 OC.
499 1819 590 1879 1250:
614 1801 743 1892 ἀνδρῶν
766 1831 801 1892 γε
822 1815 951 1892 μοῦνος,
976 1802 1140 1892 ὦπάτερ,
1166 1803 1214 1874 δι’
1238 1801 1438 1892 όμματος...

402 1915 478 1978 Ant.
502 1918 579 1980 308:
602 1902 660 2004 ρόχ
681 1897 904 1994 ὗμιν“Ἀιδης
924 1913 1046 1991 μοῦνος
1067 1902 1209 1990 ἀρκέσει.

402 2013 478 2077 Ant.
499 2018 573 2080 508:
596 2005 633 2071 οῦ
656 2011 760 2072 τοῦτο
782 2005 884 2093 μοόνη
906 2009 1010 2072 τῶνδε
1030 2003 1213 2090 Καδμείων
1235 2003 1328 2094 ὁρᾷς.

405 2111 480 2176 Ant.
503 2117 578 2178 705:
601 2106 647 2198 μὴ
671 2111 725 2170 νῦν
744 2101 780 2171 ἓν
801 2099 887 2194 ἦδος
906 2112 1030 2189 μοῦνον
1052 2105 1087 2170 ἐν
1106 2111 1215 2196 noorai
1238 2104 1349 2192 φόρει.

404 2211 459 2274 Tr.
474 2213 547 2275 273:
565 2200 717 2272 ὁθούνεκ’
737 2200 837 2270 αὐτόν
849 2214 971 2288 μοῦνον
986 2201 1176 2287 ἀνθρώπων
1193 2202 1282 2293 δόλῳ
1302 2209 1307 2294 Ι
1328 2205 1472 2274 ἔκτεινεν.

404 2309 458 2373 Tr.
485 2314 577 2375 1209:
599 2305 654 2372 καὶ
674 2311 796 2390 μοῦνον
818 2300 934 2396 ἱατὴρα
957 2311 1021 2370 ιιῦν
1043 2302 1132 2386 ε’μιῦν
1153 2310 1272 2373 κακῶν.

403 2411 441 2473 sr.
464 2413 538 2474 426:
562 2398 712 2494 εόφημος
733 2399 807 2470 ἴσθι
828 2409 951 2486 μοῦνον
973 2402 1192 2492 ε’ξορμιομένη.

446 2507 549 2572 Vides
572 2509 671 2591 igitur
690 2501 794 2587 μόνος
814 2507 952 2572 formam
975 2506 1141 2592 uolgarem
1165 2517 1198 2570 et
1218 2505 1403 2592 legitimam
1425 2509 1472 2574 ad-

364 2607 469 2671 hiberi
499 2605 682 2692 ubicunque
718 2608 857 2692 possit
889 2605 1057 2688 adhiberi,
1093 2605 1241 2670 similiter
1276 2617 1379 2692 atque
1412 2599 1472 2673 ast:
1533 2649 1534 2676 ι

361 2709 494 2786 μοῦνος,
518 2715 553 2767 ut
574 2697 655 2780 αἰεί,
690 2703 747 2770 ubi
775 2728 980 2769 numerorum
1009 2707 1118 2789 gratia
1141 2704 1286 2770 debeat
1317 2711 1473 2792 usurpari.

365 2804 461 2884 Quod
482 2827 560 2868 vero
583 2803 799 2869 Kuehlstaedt
815 2806 870 2882 118)
893 2803 1056 2868 detexisse
1079 2803 1142 2867 sibi
1159 2805 1249 2868 visus
1271 2815 1337 2884 est,
1361 2807 1474 2886 μοῖνος

363 2928 427 2969 non
449 2903 513 2967 dici
533 2905 596 2967 nisi
619 2927 691 2968 cum
715 2904 955 2968 vehementiore
977 2902 1116 2990 quodam
1146 2905 1246 2966 animi
1277 2905 1414 2986 affectu,
1444 2903 1472 2968 id

362 3005 395 3068 in
417 3003 536 3068 multos
558 3025 635 3067 saue
656 3005 739 3067 sorte
761 3004 890 3068 fortuna
913 3002 1000 3067 cadit
1026 3001 1115 3066 locos
1130 3039 1173 3048 -
1193 3025 1395 3090 quamquam
1417 3027 1472 3068 uon

363 3105 520 3168 minorem
544 3103 689 3188 profecto
718 3125 888 3166 numerum
907 3103 1070 3166 inveneris
1092 3101 1150 3166 ubi
1172 3103 1206 3164 in
1230 3101 1347 3166 eodem
1370 3126 1470 3168 rerum

363 3213 448 3266 statu
471 3212 502 3266 et
524 3202 712 3266 condicione
734 3201 861 3286 legatur
883 3195 1045 3280 μόνος-
1070 3223 1136 3264 non
1159 3201 1246 3264 cadit
1267 3203 1300 3264 in
1327 3201 1386 3268 Tr.
1411 3208 1469 3267 273.

363 3301 431 3367 OC.
454 3307 524 3367 991.
544 3300 583 3366 fr.
606 3307 680 3381 426,
712 3299 769 3364 ubi
797 3299 885 3364 nulla
912 3309 961 3364 est
981 3302 1098 3364 mentis
1128 3300 1299 3364 concitatio
1330 3301 1385 3364 vel
1409 3322 1469 3387 per·

361 3401 513 3465 turbatio.
535 3387 608 3466 Hoc
630 3423 729 3464 unum
750 3399 826 3464 licet
839 3398 1041 3480 contendere,
1064 3399 1151 3484 quod
1165 3421 1207 3462 ex
1222 3400 1303 3484 ipsis
1322 3399 1391 3464 illis
1408 3421 1468 3462 ver·

363 3523 454 3564 suum
473 3497 604 3563 sedibus
619 3521 700 3582 quas
714 3521 772 3584 per
786 3521 956 3563 mensurae
971 3499 1196 3562 necessitatem
1212 3497 1338 3566 obtinet
1352 3524 1393 3565 ea
1404 3521 1470 3579 vox,

412 3706 471 3766 117)
490 3707 596 3773 μοῦνος
612 3714 662 3769 per
675 3697 838 3770 epenthesin
851 3711 922 3766 quae
936 3700 1052 3750 vocatur
1069 3698 1167 3747 natum
1179 3710 1239 3747 esse
1252 3696 1390 3751 videture
1407 3695 1469 3767 μόν

361 3786 427 3854 For,
444 3789 475 3838 ut
495 3784 619 3853 γούνατα
638 3799 653 3837 e
670 3783 821 3851 yo'vfuro3
838 3781 958 3833 radicem
976 3784 1067 3832 autern
1084 3798 1140 3848 μον
1158 3779 1252 3832 nescio
1273 3795 1311 3832 an
1324 3777 1468 3850 comparari

361 3870 443 3922 liceat
459 3885 522 3921 cum
538 3867 629 3920 verbis
648 3866 749 3937 μινύο,
766 3865 833 3918 min
841 3881 878 3917 us
890 3863 1022 3931 (Grundz.
1041 3881 1066 3932 p.
1087 3865 1158 3930 300);
1179 3862 1257 3915 cuius
1275 3863 1378 3916 radicis
1389 3862 1467 3934 prima

360 3953 449 4007 forma
466 3971 525 4024 μαν
543 3950 712 4020 conspicitur
728 3951 757 4003 in
775 3951 822 4004 lat.
840 3964 907 4002 voce
928 3949 1143 4015 ,‚mau·ous“,
1168 3961 1271 4000 sanner.
1291 3943 1466 4015 ,ανον-διδ*

356 4055 468 4106 porion,
483 4037 625 4106 paullum,-
642 4052 682 4104 gr.
700 4040 828 4106 με-ί-ων.

409 4123 467 4186 118)
488 4120 505 4174 l.
524 4136 546 4174 c.
562 4138 589 4189 p.
611 4122 668 4173 lor.
