3008 4968
776 423 978 512 Q

321 596 449 778 §dupogz
473 601 550 666 Sim.
573 609 602 685 7,
628 607 674 667 19.
696 607 745 668 29.
771 608 828 668 107
841 601 986 688 Theogn.
1008 609 1065 669 521
1084 563 1267 674 61021οο.ἱ
1280 602 1319 669 el.
1343 609 1387 682 19,
1399 611 1424 686 2,

322 711 354 764 et
394 693 480 762 είνια
501 707 530 766 7.

405 810 601 898 πείρατα,
628 815 716 904 quod
743 797 836 902 ¹apud
856 816 994 882 Lesbios
1016 813 1167 902 πέρροιια
1193 843 1326 885 sonasse
1347 817 1426 882 vide-
1494 791 1495 810 .

227 993 231 1003 1
322 919 427 998 tur⁵)·‚
456 915 555 982 Arch.
583 925 654 996 tetr.
677 923 724 980 55.
748 914 812 981 Sol.
839 921 892 998 16,
915 923 944 982 2.
973 916 1117 1002 Theogn.
1143 925 1210 986 140.
1237 913 1427 986 1o7s.'1172.

402 1032 562 1114 χειροῖν
585 1030 650 1096 Sol.
676 1035 721 1113 13,
745 1038 793 1098 50.
816 1037 865 1100 62.
900 1055 984 1118 quae
1003 1033 1109 1098 forma
1136 1033 1208 1099 sola
1229 1042 1358 1120 praeter
1378 1031 1427 1094 da·

323 1133 429 1214 tivum,
445 1129 581 1217 pluralis
602 1125 711 1210 χερσὶν
732 1130 821 1218 apud
829 1131 956 1196 Atticos
979 1130 1129 1196 shabere
1140 1132 1230 1214 solet,
1254 1153 1428 1220 quanquam

243 1295 245 1301 ,
323 1232 357 1294 in
381 1231 497 1314 ceteris
521 1229 650 1294 casibus
672 1240 708 1294 ut
727 1229 815 1316 apud
835 1231 932 1294 lonas
945 1251 985 1304 ,ει
1000 1241 1147 1318 apparet.
1187 1231 1299 1296 Etiam
1319 1233 1353 1295 in
1373 1229 1450 1293 hac·

323 1351 405 1394 voce
432 1331 521 1393 cuius
544 1330 644 1415 stirps
677 1339 725 1394 cst
752 1351 824 1410 χερι
845 1329 958 1394 Lesbii
987 1331 1215 1416 geminatione¹
1237 1326 1350 1415 χὲῤῥες
1375 1338 1428 1394 etc·

318 1418 375 1492 'usi
397 1439 479 1494 sunt.
679 1513 681 1516 Ι

406 1527 469 1591 His
492 1526 659 1592 addendus
672 1527 802 1592 videtur
817 1531 1060 1615 comparativus
1078 1523 1210 1612 πλείων,
1231 1531 1324 1595 cuius
1341 1529 1431 1613 stirps

325 1635 375 1690 est
392 1624 502 1709 ates),
524 1625 610 1691 unde
626 1628 776 1691 ‘nascitur
798 1622 958 1692 πλε-ίωνε
982 1629 1060 1694 Sim.
1083 1636 1112 1710 2,
1132 1635 1150 1695 2
1177 1625 1295 1694 πλεῖον
1317 1615 1432 1714 ἡμέρης

324 1727 408 1812 pag.
423 1723 436 1809 ΙΙ
472 1726 585 1812 Itaque
607 1725 693 1810 quod
705 1725 803 1792 Arch.
818 1736 889 1793 tetr.
903 1733 953 1812 58,
967 1737 987 1796 4
1008 1724 1112 1804 πλέος
1127 1728 1258 1794 brevior
1272 1729 1376 1817 torma
1384 1725 1431 1790 ad-

325 1825 435 1890 iectivi
456 1824 601 1889 eiusdem
621 1826 732 1913 stirpis
753 1825 880 1912 legitur,
894 1827 957 1892 hoc
977 1828 1185 1893 tribuendum
1209 1837 1258 1892 est
1278 1827 1430 1906 licentiae,

327 1947 369 1989 ex
390 1947 454 2011 qua
474 1925 508 1988 in
527 1927 723 1990 tetrametris
743 1927 854 2013 epicas
876 1927 999 1992 formas
1022 1927 1245 1993 admittilicet.
1288 1927 1370 1993 Cum
1391 1935 1431 1989 ta-

325 2047 400 2090 men
416 2025 636 2104 Herodotu17)
669 2030 713 2101 (et
740 2025 879 2090 fortasse
910 2027 1009 2090 ceteri
1040 2028 1225 2114 scriptores)
1248 2049 1375 2112 semper
1404 2025 1432 2087 in

326 2123 443 2188 πλεῖον
465 2145 567 2210 aeque
588 2132 685 2211 atque
706 2125 741 2188 in
761 2121 879 2200 πλεῖος
899 2126 967 2190 iota
989 2127 1124 2208 omittat,
1147 2127 1314 2213 putaveris
1332 2125 1431 2209 'Simo-

326 2226 412 2291 nidis
442 2224 547 2289 locum
574 2225 648 2288 usui
676 2224 788 2288 lonico
819 2246 1013 2311 repugnare.
1057 2224 1101 2290 At
1130 2225 1221 2290 illam
1248 2225 1431 2290 sententiam

246 2355 247 2359 ¹
328 2325 408 2390 satis
431 2321 629 2388 confidenter
650 2323 761 2388 refello
783 2324 873 2388 nisus
895 2325 1047 2412 analogia
1075 2325 1305 2390 femininorum
1334 2324 1431 2388 adiec-

327 2425 478 2505 tivorum,
500 2420 541 2486 de
563 2423 679 2508 quibus
700 2423 786 2487 infra
807 2446 913 2508 agam.
954 2423 1055 2512 Apud
1073 2423 1297 2510 Theognidem
1317 2423 1433 2510 plenior

325 2525 430 2588 forma
450 2522 585 2608 legitur:
607 2545 654 2587 vs.
678 2528 738 2588 702
767 2516 919 2589 πλείονα.
950 2531 1010 2591 007
1038 2517 1145 2586 πλείω
1170 2517 1290 2604 χρόνον
1318 2532 1376 2588 etc.
1396 2557 1431 2566 -

328 2623 430 2689 Solon
451 2631 522 2687 totr.
545 2628 596 2704 32,
617 2630 651 2689 4:
683 2616 789 2684 πλέον
817 2637 879 2704 γαρ
902 2609 969 2686 ὦδε
989 2618 1133 2710 νικήσειν
1155 2618 1261 2688 δοκέω
1278 2622 1289 2707 ΙΙ
1305 2623 1433 2688 fortasse

329 2722 371 2787 ad
394 2721 538 2787 Atthidis
559 2743 707 2786 normam
730 2720 823 2786 dixit.

411 2837 441 2902 E
464 2838 626 2902 contrario
648 2837 682 2900 in
703 2836 813 2902 multis
834 2837 970 2903 vocibus
992 2837 1187 2904 recentiores
1207 2840 1313 2921 Iones,
1332 2834 1435 2902 omnes

329 2947 364 3002 ut
385 2937 523 3015 videtur,
545 2957 617 3000 cum
638 2937 753 3001 ceteris
776 2936 922 3002 dialectis
943 2938 1082 3003 formam
1103 2939 1274 3025 pristinam
1286 2938 1435 3007 deserue-

231 3061 232 3066 ’
330 3047 413 3103 runt.
456 3035 548 3101 Haec
568 3037 653 3100 enim
675 3045 798 3102 tantum
822 3037 911 3124 apud
926 3047 1039 3124 poetas
1061 3037 1222 3126 elegiacos
1244 3047 1276 3102 et
1298 3039 1331 3101 in
1345 3045 1433 3100 tetra·

319 3125 440 3216 ‘metris
462 3135 628 3220 leguntur:

413 3243 598 3335 διποιινεί
604 3275 641 3328 ω,
665 3251 721 3316 ubi
743 3253 785 3318 ab
807 3254 961 3340 originej
986 3264 1064 3335 erat,
1087 3253 1180 3339 Tyrt.
1202 3259 1249 3332 10,
1270 3256 1319 3317 24.

413 3344 622 3426 δειδιότες
649 3345 795 3438 Theogn.
819 3358 880 3420 764
907 3359 939 3416 et
961 3343 1129 3414 δείδιθι
1154 3355 1247 3427 1179,
1274 3348 1330 3414 ubi
1351 3346 1433 3412 redu-

397 3604 423 3671 5)
442 3601 510 3660 atr.
531 3599 582 3669 „de
599 3599 724 3654 dialectis
743 3599 865 3654 Aeolicis
886 3603 914 3654 et
931 3589 1158 3672 pseudaeolicis'“‚
1178 3598 1235 3652 sive
1253 3599 1306 3668 „de
1319 3595 1433 3652 Graecae

329 3687 442 3758 linguae
459 3683 583 3740 dialectis
598 3683 646 3739 lib.
664 3682 695 3736 l“
712 3701 739 3753 p.
756 3685 798 3738 -60,

397 3773 424 3839 6)
445 3767 567 3824 Grundz.
586 3771 644 3822 254.

397 3856 422 3921 7)
441 3854 558 3908 Bredov.
580 3857 627 3907 153
646 3869 705 3922 sqq.
723 3881 757 3890 -
775 3849 912 3915 Quidnam
929 3849 1113 3921 Hippocrates
1130 3848 1278 3919 scripserit,
1303 3849 1334 3902 in
1357 3841 1434 3931 dubio

331 3938 422 3991 adhuc
438 3937 565 3990 relictum
582 3941 640 4004 est3
666 3951 732 3988 nam
748 3940 805 3988 tam
824 3951 907 4004 saepe
926 3933 984 4015 fere
1009 3954 1033 3989 ει
1051 3939 1134 4003 atquc
1153 3951 1165 3986 ε
1182 3933 1286 3988 vocalis
1303 3931 1433 4002 reperitur.

331 4054 365 4062 -
384 4021 469 4092 Apud
485 4022 682 4092 Anaxagoram
699 4019 756 4089 legi
769 4017 802 4073 fr.
819 4022 847 4071 6:
865 4019 912 4072 ἐπὶ
932 4021 1028 4085 πλέον,
1053 4021 1083 4072 13
1103 4022 1192 4084 πλέον,
1212 4017 1287 4086 apud
1304 4015 1432 4070 Melissum

330 4114 354 4176 ξ.
375 4111 406 4163 14
426 4109 513 4185 ultor
533 4108 562 4160 et
579 4108 628 4160 τοῦ
647 4106 732 4158 πλέον
749 4105 795 4156 καὶ
815 4105 863 4158 τοῦ
878 4102 918 4174 μὴ
936 4105 1028 4156 πλέον.
