3088 4966
605 430 666 495 20⁷

93 605 247 673 cotidiano
267 604 515 674 Atheniensium
544 631 691 674 sermone
718 610 813 696 plane
840 609 1089 693 inauditam321)
1111 610 1191 675 haec

91 707 122 770 in
141 705 247 772 verbis
269 707 516 772 commendabat
532 725 661 794 capro
684 709 800 796 quibus
822 713 973 774 consonis
995 711 1191 774 recentiores

92 804 319 872 substituerunt
339 827 377 870 ,sc
406 797 558 888 (nodosos
582 838 622 855 -
641 801 853 888 npoisaorbll)
887 805 948 872 hac
976 807 1113 896 denique
1141 807 1191 873 lit-

91 912 225 970 terarum
247 905 479 970 consuetudine
504 907 631 971 ¹formae
659 900 782 984 κλαίω,
820 900 918 969 ἐλαία
940 916 993 972 ott.
1017 905 1191 970 Athenien·

93 1001 174 1070 sibus
211 1003 293 1068 adeo
329 1003 486 1090 probatae
523 1014 611 1088 sunt,
649 1015 684 1070 ut
715 1029 769 1070 eas
802 1029 898 1074 voces
930 1027 995 1070 non
1026 1015 1193 1094 tamquam

92 1104 273 1186 peregrinas
295 1114 502 1189 spernerent,
525 1103 582 1168 sed
603 1107 636 1168 in
656 1104 770 1168 litteris
792 1116 826 1168 ut
848 1106 1045 1189 antiquiores
1067 1115 1099 1169 et
1119 1125 1193 1190 gre·

92 1201 192 1266 viores
214 1224 274 1288 per
295 1200 426 1287 longum
446 1205 601 1289 temporis
633 1206 774 1290 spatium
803 1225 881 1268 sues
904 1203 1034 1268 dialecti
1058 1203 1194 1268 vocibus

92 1297 273 1384 volgaribus
296 1293 399 1376 (uteo
415 1309 481 1380 ott.)
497 1303 717 1388 ,praeferrent
746 1301 834 1382 Quid
855 1304 971 1367 mirum
992 1303 1091 1388 igitur
1108 1301 1193 1388 quod

92 1407 120 1460 et
138 1400 169 1462 in
196 1400 409 1486 inscriptione
430 1400 593 1480 Attica23)
624 1403 764 1466 occurrit
793 1424 859 1466 vox
889 1394 987 1476 αἰεί,
1022 1409 1055 1466 et
1082 1400 1193 1465 codem

92 1496 154 1562 fere
169 1506 314 1584 tempore
331 1499 557 1586 Thucydidem
573 1502 620 1565 sic
636 1501 805 1586 scripsisse
822 1501 943 1566 diserte
958 1499 1195 1586 explanathue

93 1605 216 1681 praeter
242 1597 398 1664 librorum
426 1602 615 1664 memoriam
645 1599 809 1666 contendit
834 1599 1057 1682 Marcellinus,
1089 1599 1196 1687 quin,

91 1688 132 1770 ὡς
158 1691 214 1780 ersi
240 1694 411 1770 πλεῖστον,
441 1698 561 1785 inquit,
589 1693 705 1784 χρῆται
731 1701 772 1786 τῇ
793 1691 915 1786 ἀρχαίᾳ
932 1691 1082 1775 Ἀτθίδι,
1117 1691 1197 1761 ὅταν

89 1791 142 1880 τὴν
168 1789 355 1881 δίφθογγον
385 1792 447 1879 τὴν
479 1797 515 1862 a]
550 1789 621 1860 ἀντὶ
648 1799 708 1866 ,τοῦ
736 1795 757 1858 ἆ
789 1791 914 1884 γράφῃ,
952 1791 1041 1860 αἰεί
1076 1793 1197 1880 le'ysor3

92 1893 164 1980 quid
186 1897 305 1961 mirus
325 1896 411 1982 quod
429 1896 668 1962 Demosthenes
684 1905 716 1960 et
728 1919 807 1961 voce
822 1906 935 1982 aperte
949 1896 1060 1961 Ionica
1075 1895 1195 1972 εἵνεκα,

23 2027 28 2042 ·
92 2003 121 2058 et
141 1995 248 2060 futuro
278 2018 357 2060 usus
379 2005 428 2060 est
450 2018 491 2060 ex
519 1994 575 2060 illo
597 1989 704 2058 κλαίω
734 1994 889 2069 deducto:
922 1989 1089 2078 κλαιήσω;
1121 1993 1198 2082 quid

92 2093 205 2159 miram
237 2093 324 2181 quod
355 2093 407 2158 vel
440 2095 530 2182 apud
560 2093 813 2180 Aristophanem
846 2095 1029 2158 invenimus
1059 2094 1197 2161 formam

93 2184 265 2276 ἀρχαακός
285 2185 545 2270 voei’Axoccadg
565 2215 699 2280 prorsus
723 2191 883 2259 similem?
906 2215 1003 2280 quem
1025 2215 1097 2257 cum
1113 2193 1197 2259 Nub.

93 2296 157 2360 82¹1.
180 2291 378 2358 eteodicum
393 2295 570 2358 auctoritas
588 2302 619 2356 et
633 2293 918 2388 grammaticorum
934 2294 1200 2372 testimonium'25)

92 2392 259 2476 praeclare
281 2400 449 2473 tueantur,
484 2391 571 2456 haud
591 2390 687 2456 facile
717 2392 752 2454 in
781 2391 998 2476 suspicionem
1018 2393 1198 2458 vocaveris.

92 2489 172 2556 Num
193 2493 294 2577 igitur
316 2491 403 2576 quod
425 2495 540 2556 ceteris
568 2489 782 2578 scriptoribus
812 2489 951 2554 libenter
973 2491 1198 2574 concedamus,

91 2589 124 2654 id
147 2591 253 2677 poetis
274 2591 409 2676 tragicis
428 2589 635 2656 adimamus?
667 2589 754 2670 Quid
776 2589 862 2676 quod
876 2591 910 2654 in
927 2589 989 2655 hoc
1004 2590 1201 2676 Thesmoph.

89 2685 156 2752 loco
179 2696 224 2767 (v.
249 2693 337 2766 1063)

128 2780 228 2863 Ἀλλ’,
252 2775 280 2850 oi
300 2781 423 2864 τέκνον,
444 2781 481 2849 σὲ
501 2783 561 2867 μὲν
582 2783 621 2851 τὸ
638 2789 758 2872 σαυτῆς
777 2783 836 2872 χρὴ
858 2787 979 2863 ποιεῖν,

129 2877 779 2960 arcessabantur-Miluo&
796 2880 1198 2972 incaluissvdccepov,

94 2983 262 3071 Euripidis
293 2993 324 3050 et
351 2982 544 3050 Mnesilochi
572 2983 675 3048 verba
709 2983 805 3070 plane
833 3007 872 3048 ac
902 2985 1029 3070 penitus
1060 2985 1203 3069 intellegi

94 3107 157 3150 non
178 3092 341 3171 poterunt,
363 3084 427 3148 nisi
448 3084 475 3148 si
496 3105 561 3148 non
584 3082 653 3148 sola
674 3105 720 3165 re,
744 3083 801 3147 sed
815 3083 926 3147 verbis
948 3106 1074 3171 qnoque
1089 3093 1120 3148 et
1133 3086 1203 3148 imi-

140 3354 169 3406 21
202 3347 244 3405 Of.
261 3353 284 3414 ξ.
303 3351 327 3402 9.

144 3353 187 3516 iti
205 3447 332 3502 Alteram
352 3444 469 3501 formam
491 3463 525 3501 ex
544 3447 632 3502 altera
653 3452 806 3520 temporum
830 3448 946 3502 decursu
968 3453 1057 3503 ortam
1079 3463 1138 3502 esse
1159 3447 1204 3501 vix

91 3549 165 3586 nnnc
182 3534 294 3604 quidem
312 3529 457 3603 quisquam
475 3533 654 3587 contenderit.

142 3631 707 3704 mokmmlfflmnmt

77 3750 84 3765 ·
141 3733 185 3798 24)
207 3731 242 3784 In
260 3732 318 3785 vita
331 3732 457 3804 Thucyd.
478 3739 502 3802 ξ.
515 3739 555 3790 52.
576 3733 617 3788 ef.
632 3738 776 3804 praetores
792 3732 943 3788 Renneri
960 3735 993 3788 dc
1011 3733 1130 3794 dialecto
1138 3750 1204 3804 poc-

92 3813 131 3867 ar'e
147 3815 213 3884 clep.
232 3815 446 3886 disputationem
465 3817 494 3870 in
513 3817 600 3872 Curtii
620 3815 696 3902 Stud.
716 3817 736 3874 Ι,
756 3835 783 3887 p.
803 3820 858 3872 171.

145 3919 189 3984 25)
215 3912 338 3972 Gramm.
358 3916 446 3974 Bekk.
464 3935 491 3988 p.
509 3921 569 3986 449,
589 3919 630 3970 10:
649 3915 839 3989 Ἀρχαιικόν
856 3918 902 3970 καὶ
921 3900 1015 3970 uersu
1036 3916 1206 3978 τὰτοιαῦτα
1234 3921 1235 3926 ’

93 3997 141 4052 διὰ
158 4004 217 4054 τῶν
234 3997 286 4054 δύο
304 4020 333 4054 ιι.
368 4004 510 4070 Νεφέλαις
520 3997 732 4072 Ἀριστοφάνης·
760 3991 953 4071 ὦπαιδιίριον
977 3993 1007 4053 εὖ
1029 4002 1074 4054 καὶ
1092 4005 1207 4071 φρονεῖς

92 4081 230 4152 dolmensi.
