3070 4962
606 465 736 557 eo-

88 645 173 710 sicin
193 645 254 710 hac
275 654 369 732 parte
391 644 462 731 plue
475 647 582 710 minue
594 644 803 732 Apollonium
823 646 924 710 secuti
936 645 1098 729 videntur,
1121 645 1184 713 hoc

87 747 221 810 omissum
240 767 311 822 esee
334 743 493 810 adverbia
509 746 606 808 etiam
629 744 706 810 addi
727 767 822 830 posse
845 743 917 810 aliie
940 745 1094 812 orationis
1109 769 1184 834 par·
1233 783 1237 792 ·

88 845 166 926 tibus,
187 844 273 932 quod
295 843 426 930 quidem
448 843 607 930 quomodo
628 846 778 910 excusari
792 846 903 931 possit,
926 867 1061 932 egonon
1076 845 1183 928 video,

87 953 111 1006 et
128 943 314 1008 vocabulum
333 941 412 1007 illud
435 941 580 1007 habitum
614 965 685 1006 ease
711 966 771 1030 pro
801 945 977 1030 composito
1009 967 1050 1010 ex
1073 939 1130 1008 ἐπὶ
1152 955 1183 1011 et

87 1043 156 1127 ῥῆμα
181 1033 302 1124 ortum,
331 1041 418 1126 quod
448 1039 553 1106 Schol.
581 1041 785 1114 Dion.,'l¹hr.
819 1065 850 1129 p.
873 1047 949 1126 933,
979 1049 1017 1112 33
1053 1044 1183 1110 disertis

86 1141 176 1206 verbis
203 1141 297 1206 dicit:
323 1134 482 1203 σύνθετον
515 1135 553 1203 δέ
586 1136 655 1203 ἐστι
675 1136 714 1204 τὸ
738 1133 904 1226 ἐπίρρημα
926 1139 1016 1224 παρὰ
1042 1139 1099 1228 σὴν
1128 1137 1186 1205 ἐπὶ

87 1235 232 1322 πρόθεσιν
260 1236 320 1302 καὶ
346 1235 384 1300 τὸ
414 1241 529 1325 ῥῆμα.
562 1233 631 1321 ἅμα
661 1234 697 1302 δὲ
722 1241 761 1326 τῇ
789 1235 945 1304 συνθέσει
974 1236 1185 1307 πεπλεόνακε

86 1334 114 1400 τὸ
133 1344 159 1420 ρ,
181 1333 224 1415 ὡς
246 1334 305 1408 καὶ
325 1333 364 1401 rt
387 1329 562 1418 ἄρρωστος.

152 1437 214 1506 Sed
235 1437 403 1526 quaeritur
424 1458 502 1502 num
523 1437 604 1503 haec
627 1437 736 1524 opinio
758 1459 837 1504 vera
859 1441 900 1504 sit
922 1461 960 1504 ac
974 1449 1073 1506 recta.
1116 1439 1183 1505 Du·

87 1535 205 1604 bitatum
227 1538 269 1604 de
292 1559 331 1602 ea
358 1546 407 1601 eet
434 1560 507 1602 cum
535 1536 577 1602 ab
607 1537 680 1602 aliis
709 1545 779 1602 tum
801 1561 821 1602 a
841 1538 884 1604 Κ.
910 1537 948 1604 Ε.
972 1537 1011 1604 Α.
1034 1538 1182 1604 Schmid-

86 1637 144 1703 liol.
185 1638 216 1703 Ie
244 1637 333 1702 enirn
360 1629 527 1722 ἐπίρρημα
553 1635 633 1701 illud
662 1647 693 1702 et
720 1659 790 1701 esee
812 1631 972 1700 σύνθετον
1003 1649 1035 1702 et
1063 1639 1183 1723 signifi-

87 1757 145 1800 care
162 1736 306 1824 aliquid,
338 1736 424 1822 quod
451 1729 572 1822 ῥήμασι
595 1736 735 1802 addatur
765 1738 834 1800 eive
863 1736 1041 1818 adiciatur,
1075 1746 1183 1823 negat.

85 1832 151 1900 Esse
170 1835 252 1902 dicit
269 1837 378 1923 potius
399 1831 655 1918 παρασύνθετον
677 1857 748 1902 aero
761 1837 944 1915 formatum,
966 1859 1127 1924 quumque
1141 1836 1184 1902 ad

86 1933 199 2000 verbum
221 1930 429 2020 ἒπειρῆσθαι
446 1936 615 2022 pertineat,
640 1935 824 2019 significare
844 1971 887 2001 7¹·-
904 1936 1008 2018 ipeius
1021 1935 1123 2000 verba
1143 1959 1183 2000 ne

85 2032 150 2098 nale
162 2034 322 2100 vertendo
344 2043 593 2120 corrumpantur
615 2033 767 2098 adscribo
789 2069 832 2080 —
851 2037 910 2097 eia
932 2040 1182 2115 darupeepro·

87 2137 195 2196 elenae
215 2156 321 2219 aeque
344 2145 441 2220 atque
461 2127 657 2215 ἐπίγραμμα
691 2135 748 2196 ein
776 2138 1179 2214 dazupeectriederrer.

86 2254 165 2294 wore
182 2231 431 2313 peectrlebea
451 2240 542 2297 oder
561 2237 812 2313 peeprocheu,
840 2233 959 2319 inquit,
983 2239 1050 2294 dae
1071 2237 1124 2294 iet
1145 2257 1185 2302 eo

87 2336 246 2413 accipin
268 2337 406 2396 diaeum
435 2337 499 2394 wie
525 2338 596 2395 dae
624 2335 810 2394 dhuliclre
840 2336 876 2393 iu
906 2337 1044 2411 irperrd
1070 2335 1185 2394 einum

86 2436 272 2495 dielichen
300 2437 423 2496 Wortc
443 2423 945 2511 (ἆπσ-ἑπι-πρσσ-ὑποβάλλειν)
956 2445 1105 2510 priapi,
1126 2435 1163 2492 di
1170 2456 1184 2494 e

87 2535 276 2610 urupebunq
309 2537 374 2594 dee
412 2543 545 2593 wortee
591 2533 686 2592 wird
719 2533 883 2591 dartber
917 2534 1105 2605 auctorest
1140 2553 1184 2592 zu

84 2632 331 2704 celeritatem
376 2628 442 2694 Sed
468 2651 509 2693 ue
538 2651 633 2718 quem
660 2629 770 2714 pigeat
802 2628 888 2716 quod
908 2630 1015 2693 virum
1037 2628 1183 2693 doctissi-

86 2745 154 2791 mum
173 2727 298 2796 diutius
318 2729 503 2817 loquentem
526 2730 627 2806 facio,
648 2730 756 2792 mieaie
780 2727 830 2791 hie
860 2749 911 2791 me
938 2751 1002 2792 non
1032 2727 1184 2794 dubitare

85 2821 211 2894 lubenter
234 2828 390 2916 profiteor
405 2831 482 2914 quin
496 2827 667 2893 Schmidtii
690 2827 730 2892 de
751 2827 813 2892 hae
834 2850 869 2892 re
887 2829 1045 2892 sententia
1057 2827 1126 2893 sola
1136 2829 1183 2892 vi·

86 2921 180 2992 deutur
193 2950 284 2994 vera.
310 2928 473 3015 Perquam
488 2928 572 2992 enim
590 2926 757 2992 commode
771 2926 984 3014 quadrantem
1000 2949 1070 2991 eam
1087 2926 1182 2992 video
1275 2982 1277 2990 .

84 3021 110 3086 iu
127 3025 351 3093 adverbiorum
374 3050 467 3092 usum
489 3049 528 3092 ac
549 3035 752 3112 potestatem,
765 3047 873 3109 ¹quam
900 3036 1025 3090 veteres
1046 3025 1094 3090 illi
1113 3025 1182 3090 fini-

86 3118 133 3187 bue
152 3127 247 3192 nimis
280 3129 428 3212 angustie
455 3126 785 3211 circumscripserunt.

153 3223 316 3305 Quantum
338 3235 447 3291 autern
469 3226 756 3312 grammaticorum
779 3221 981 3288 Graecorum
1003 3259 1045 3272 -
1066 3223 1183 3290 missos

86 3319 153 3389 facio
172 3325 309 3392 Latinos
331 3361 373 3373 -
393 3325 576 3390 interfuerit
600 3333 702 3389 totum
731 3321 960 3387 adverbiorum
988 3345 1120 3408 agmen,
1149 3324 1183 3388 in

85 3439 134 3501 quo
153 3424 253 3490 multa
277 3445 406 3512 quoque
427 3423 589 3490 vocabula
617 3433 649 3488 et
677 3423 913 3509 significatione
941 3430 972 3486 et
994 3422 1099 3488 forma
1119 3421 1182 3486 illie
1279 3465 1280 3470 κ

86 3516 284 3590 dissimillima
310 3513 418 3610 inepte
448 3531 642 3610 posuerunt,
675 3523 709 3587 in
739 3523 865 3608 speeies
897 3543 994 3609 quam
1026 3521 1182 3609 plurimae

85 3615 229 3706 distribui,
244 3646 287 3689 ex
300 3623 456 3709 Dionysii
473 3623 611 3690 Thracia
623 3622 825 3710 potissimum
842 3623 1056 3706 grammatica
1071 3620 1182 3686 videre

84 3785 274 3804 Ἢ

141 3887 165 3952 5)
183 3885 220 3942 Κ,
243 3887 277 3942 Ε.
305 3887 340 3942 A.
364 3885 489 3952 Schmidt
517 3887 648 3958 Beitritge
676 3903 725 3940 aur
751 3886 909 3958 geschichte
939 3886 988 3941 der
1017 3886 1182 3957 grammatik

82 3960 151 4021 Helle
170 3973 237 4026 1859.
254 3989 281 4042 p.
301 3973 349 4026 491
369 3987 428 4042 eqq.

139 4055 163 4120 6)
181 4054 268 4110 Aliter
286 4054 468 4110 Schocmann.
503 4053 763 4110 Animadversionee
785 4055 821 4110 ad
846 4059 968 4108 veterum
990 4056 1180 4124 grammatico-

83 4146 134 4188 nun
150 4135 249 4206 placita
266 4138 302 4193 de
320 4138 466 4195 adverbiis.
503 4137 659 4211 Gryphium
680 4141 754 4195 1860.
