3034 4964
534 419 740 510 *2¹*-

76 598 116 662 of.
141 601 171 680 ξ.
195 601 224 665 8.
246 633 288 644 -
312 595 386 662 Non
414 618 492 660 vero
516 599 646 662 tertiam
666 599 803 664 formam
827 585 943 683 ᾔεσαν,
978 619 1060 684 quae
1082 598 1200 685 legitur

75 695 170 783 apud
193 695 429 782 Xenophanem
450 693 622 762 defendere
645 696 758 782 debes,
791 719 861 762 cum
884 697 978 762 Iones
999 699 1197 764 recentiores

72 803 224 882 (praeter
249 793 451 859 Herodotum
479 796 561 861 conf.
588 796 783 882 Hippocrat.
810 797 872 861 Vn
894 801 912 862 2
935 795 995 862 CV
1019 802 1068 875 12)
1089 789 1197 884 ἤϊσαν,

70 895 245 959 Homerus
267 885 373 979 ἤϊσαν,
399 883 490 981 ᾖσαν,
515 885 591 958 ἴσαν
613 901 657 972 (et
679 887 764 981 ἤϊον)
786 895 881 961 dicat
915 896 1028 983 Itaque
1052 897 1121 960 sine
1142 895 1200 961 du·

71 993 135 1058 bio.
157 1016 200 1058 ex
222 991 360 1059 dialecto
371 991 481 1058 Attica
501 995 628 1060 incuria
646 994 852 1062 librariorum
868 1017 928 1081 pro
945 996 1086 1081 genuina
1101 986 1199 1082 ἤϊσαν

71 1092 176 1156 illata
199 1103 255 1158 est.

142 1193 295 1280 Denique
318 1201 570 1258 commemoratu
591 1193 724 1279 dignum
747 1203 796 1259 est
817 1185 952 1258 verbum
975 1185 1077 1274 εἶμί,
1108 1195 1199 1258 cuius

70 1295 182 1379 stirps
205 1293 238 1356 in
259 1313 275 1367 ς
298 1312 472 1356 consonam
494 1291 590 1357 cadit.
633 1292 744 1357 Etiam
766 1293 860 1358 huius
883 1291 1004 1357 formas
1031 1315 1142 1357 omnes
1165 1294 1199 1356 in

70 1415 180 1456 unum
205 1399 413 1478 conspectum
434 1389 592 1476 redigam.

139 1508 285 1572 Exstant
305 1507 339 1570 in
360 1507 539 1592 praesenti:
568 1499 638 1587 εἰμι’
659 1508 805 1593 Theogu.
829 1513 898 1576 314.
927 1511 987 1574 669
1009 1514 1068 1570 etc.
1099 1503 1199 1570 Arch.

68 1608 112 1674 el.
141 1613 172 1691 2,
198 1613 226 1674 2.
247 1606 349 1692 Hipp.
370 1613 441 1670 tetr.
465 1611 514 1687 83,
538 1613 566 1672 2.
775 1621 782 1657 t

142 1728 173 1788 2.
196 1745 281 1808 pers.
300 1723 335 1786 in
356 1720 460 1785 tribus
482 1722 593 1786 formis
616 1730 792 1807 comparet.
830 1720 978 1801 Quarum
1000 1721 1106 1808 prima
1128 1717 1201 1785 ἐσσί

67 1824 229 1908 Theogn.
252 1827 327 1902 875,
356 1842 439 1907 quae
461 1821 620 1904 originem
648 1818 831 1884 clarissime
852 1819 1069 1902 demonstrat,
1103 1823 1197 1907 epioe

67 1932 104 1987 et
118 1921 252 1986 Dorica
274 1928 332 1984 est.
367 1917 514 1983 Alteram
537 1906 585 1992 εἷς
605 1918 709 1981 minus
733 1920 908 2002 antiquam,
930 1939 994 2005 qua
1009 1917 1198 1984 Herodotus

67 2027 267 2087 constanter
290 2029 322 2082 et
336 2017 501 2082 Homerus
517 2026 647 2102 praeter
664 2015 753 2080 illam
767 2028 908 2099 utuntur,
931 2019 1077 2104 repperi:
1098 2017 1197 2084 Arch.

67 2143 124 2208 ep.
157 2123 225 2185 107.
257 2114 415 2182 'Eandem
436 2115 636 2180 restituimus
659 2114 841 2200 Theognidi
863 2121 923 2183 456
944 2137 1004 2202 pro
1025 2119 1123 2182 tertia
1142 2117 1199 2182 illa

67 2209 117 2303 εἶ,
155 2237 240 2304 quae
267 2237 372 2302 neque
401 2213 489 2300 apud
509 2215 607 2278 Ionas
638 2235 741 2300 neque
768 2213 856 2300 apud
877 2213 978 2280 Doris
1008 2215 1042 2278 in
1063 2238 1125 2280 usu
1147 2217 1199 2299 sit,

67 2317 136 2386 sed
160 2313 250 2402 apud
273 2313 411 2378 Atticos.

140 2437 235 2518 3ps.
260 2423 342 2492 tort:
375 2428 519 2514 Theogn.
548 2434 618 2496 376.
645 2435 722 2494 1225
745 2437 805 2493 etc.
832 2426 931 2494 Arch.
953 2437 993 2495 tr.
1016 2436 1070 2514 39,
1096 2438 1107 2496 1
1139 2442 1197 2496 eto.

139 2532 177 2594 in
203 2535 217 2594 1
241 2551 289 2615 ps.
312 2528 354 2615 pl.
378 2522 493 2608 ἐσμέν,
529 2551 612 2616 quae
641 2528 758 2614 legitur
780 2528 879 2595 Arch.
906 2539 977 2593 tetr.
1004 2533 1059 2612 59,
1082 2535 1117 2613 2,
1140 2553 1197 2617 ap-

66 2637 177 2721 paret
198 2627 419 2708 Plutarchum,
442 2649 462 2690 a
484 2649 547 2712 quo
569 2627 787 2712 fragmentum
810 2627 890 2692 illud
911 2628 1062 2710 traditur,
1085 2631 1119 2693 in
1140 2630 1199 2694 At·

65 2734 179 2796 ticam
203 2726 466 2792 consuetudinem
495 2725 682 2810 aberrasse,
713 2749 789 2790 narn
818 2737 850 2791 et
871 2727 1056 2793 Herodotus
1080 2737 1111 2791 et
1132 2727 1198 2793 Ho-

66 2851 190 2895 merus
214 2826 282 2891 sola
302 2827 407 2892 forma
429 2816 519 2905 εἰμὲν
542 2835 686 2908 utuntur,
710 2827 748 2890 cf.
770 2825 909 2912 Diogen.
934 2825 1084 2912 Apollon.
1107 2828 1145 2892 fr.
1165 2833 1197 2892 6:

66 2925 104 2993 ἒν
130 2915 162 3012 ᾦ
188 2918 288 3008 εἰμεν.

137 3049 170 3112 2.
195 3065 244 3128 ps.
267 3040 311 3130 pl.
335 3034 423 3104 tort:
447 3039 539 3125 Tyrt.
567 3047 613 3123 11,
639 3047 664 3106 1.
857 3130 861 3138 ¹

138 3167 170 3228 3.
194 3180 242 3244 ps.
264 3157 307 3244 pl.
335 3155 424 3244 apud
452 3153 630 3241 elegiacos,
664 3177 736 3219 curn
761 3153 940 3220 Homerum
969 3154 1032 3220 sibi
1058 3155 1100 3220 ad
1127 3157 1198 3222 imi-

64 3259 216 3328 tandum
246 3255 491 3343 proposuerint,
527 3253 608 3320 duas
645 3255 765 3320 formas
795 3252 901 3318 offert:
931 3275 1067 3340 quarum
1096 3253 1199 3320 altera

66 3354 169 3433 ἔασι,
215 3377 298 3444 quae
332 3364 407 3419 ante
439 3355 699 3418 terminationem
740 3372 791 3414 ντι
828 3373 849 3414 α
883 3351 1031 3417 vocalem
1068 3354 1199 3418 asciscit

65 3456 273 3538 (ἒσ-α-ντι),
303 3454 421 3540 legitur
442 3452 525 3518 Xen.
546 3450 577 3520 7.
617 3452 762 3538 Theogn.
785 3456 862 3534 623,
891 3451 993 3516 altera
1021 3451 1199 3539 simplicior

66 3555 201 3630 ἐσ-ντι,
235 3545 300 3616 εἰσί
328 3553 472 3639 Theogn.
498 3559 555 3620 163
583 3562 641 3618 eto.
684 3551 783 3616 Phoc.
809 3559 844 3618 15
853 3600 862 3634 ,
885 3559 909 3617 1.
935 3550 1032 3617 Arch.
1057 3551 1095 3617 el.
1118 3559 1147 3634 4,
1169 3557 1197 3615 4.

65 3659 173 3724 Haeo
195 3656 294 3720 etiam
314 3653 429 3718 Ionum
451 3661 509 3735 est,
532 3651 694 3738 01Hipp.
717 3661 756 3716 tr.
777 3655 827 3733 29,
853 3657 878 3716 1.

137 3770 179 3836 In
201 3769 422 3851 coniunctivo,
444 3767 637 3852 ubicumque
660 3768 770 3854 stirpis
793 3787 809 3827 ε
830 3787 902 3830 cum
922 3787 941 3851 η
963 3765 1199 3830 terminationis

65 3869 186 3940 vocali
209 3867 386 3951 colliditur,
409 3866 452 3931 ad
473 3889 619 3932 normam
641 3867 729 3932 Iadis
752 3865 940 3931 recentioris
963 3865 1141 3930 contractio
1163 3864 1199 3928 fit

69 3981 120 4048 (v.
144 3973 175 4052 e.
199 3974 252 4050 16,
281 3972 327 4046 aa
361 3955 398 4053 ᾗς
421 3965 565 4052 Theogn.
592 3969 679 4034 noa.
719 3954 842 4054 posu.
866 3971 898 4049 r,
924 3971 970 4032 13.
1003 3963 1067 4028 sol.
1091 3961 1126 4046 1,·
1150 3969 1197 4031 ao.

68 4070 166 4135 Xen.
191 4073 226 4151 1,
253 4071 293 4135 20
315 4067 410 4142 (coni.
437 4063 588 4148 Bergk.);
624 4071 660 4147 5,
688 4073 717 4132 4.
739 4063 884 4152 Theogn.
910 4071 966 4132 154
993 4052 1046 4150 (ᾗ,
1075 4054 1125 4148 εἴη
1148 4068 1200 4139 11,).

952 4163 989 4216 4*
