3052 4962
613 462 672 524 tot

90 631 241 704 τίκτειν.“
283 637 379 704 Hanc
402 639 540 708 formam
568 640 715 728 equidem
737 663 779 704 ex
799 632 919 715 circes,
944 639 980 706 id
1003 649 1051 706 est
1073 641 1195 708 Dorice

89 762 147 828 pro
167 732 298 816 τίκτειν,
322 748 432 804 natam
453 762 524 805 esse
545 740 662 821 iudico,
684 761 913 828 nonnunquam
935 741 1021 804 enim
1039 763 1076 802 aa
1092 750 1197 804 trans-

88 839 126 902 iit
150 840 185 904 in
215 861 267 914 rr,
298 841 489 925 praesertim
518 840 606 928 apud
633 838 820 904 Cretenses:
849 841 889 905 cf.
912 839 1107 921 Voretzsch,
1132 839 1153 906 l.
1175 839 1196 906 l.

88 959 161 1025 pag,
188 945 219 1004 11
248 948 280 1003 et
299 937 342 1002 Μ.
365 937 513 1004 Schmidt
533 942 567 1004 in
588 939 711 1004 Kuhnii
730 938 848 1004 annall.
870 939 945 1003 ΧΠ.
969 961 1000 1026 p.
1021 945 1090 1005 219.
1257 1019 1259 1022 ¹

147 1043 176 1102 7.
208 1036 379 1104 Cretenses
416 1040 616 1127 scripserunt
643 1031 800 1114 ἶθθᾶντι,
833 1040 1003 1124 cassiopi,
1035 1030 1197 1113 tesana

89 1157 148 1222 pro
170 1127 311 1212 ἱστᾶνιι,
336 1139 490 1222 cessavi,
513 1130 671 1214 ἱστάντεςε
705 1137 745 1202 of.
767 1137 961 1217 Voretzsch‚
989 1137 1008 1204 l.
1036 1135 1057 1202 l.
1087 1161 1118 1224 p.
1148 1142 1195 1204 13.

90 1233 215 1314 Quodsi
236 1235 296 1300 bas
316 1237 439 1302 formas
459 1239 585 1302 ratione
606 1239 726 1302 usitata
747 1236 1028 1318 transscribimus,
1055 1236 1198 1302 evadunt

88 1325 240 1410 ἱτθὰντι,
274 1337 431 1420 cenerici,
465 1327 627 1412 ἱτθάντες.
677 1337 748 1401 Iam
781 1358 860 1400 vero
890 1358 964 1400 cum
996 1357 1061 1400 non
1095 1333 1197 1400 solum

88 1433 239 1500 Boeotios
267 1442 298 1499 et
325 1433 451 1499 Atticos
483 1435 535 1513 (cf.
562 1436 667 1502 Curtii
699 1434 738 1500 el.
767 1459 798 1522 p.
821 1440 881 1502 597
903 1442 962 1523 sq.)
970 1485 978 1517 ,
1012 1434 1069 1499 sed
1100 1435 1196 1498 etiam

86 1531 226 1598 Doricos
243 1533 295 1608 (cf.
310 1533 439 1598 Abrens
456 1533 496 1600 de
511 1534 586 1600 dial.
601 1533 682 1601 Dor.
699 1557 730 1622 p.
749 1539 816 1618 103,
839 1534 994 1602 Scbaefer
1007 1533 1050 1600 ad
1061 1531 1197 1620 Gregor.

88 1630 158 1698 Cor.
182 1655 217 1720 p.
240 1637 313 1710 454)
342 1652 381 1696 στ
403 1634 437 1696 in
458 1655 494 1696 tt
515 1643 657 1698 mutasse
684 1644 796 1700 notum
818 1637 875 1719 sit,
902 1635 999 1700 valde
1025 1632 1197 1720 probabile

89 1739 135 1795 est
155 1733 255 1796 etiam
282 1733 316 1796 in
339 1730 543 1798 Cretensium
573 1732 711 1799 dialecto
732 1736 780 1798 τθ
810 1733 854 1799 ad
882 1743 1079 1816 ceterorum,
1115 1754 1198 1820 quae

87 1831 189 1912 attuli,
213 1830 433 1918 exemplorum
455 1832 642 1918 analogiam
663 1855 705 1898 ex
725 1855 762 1896 rt
782 1842 894 1898 natum
916 1855 995 1897 esse.

146 1934 173 1997 8.
208 1931 333 1995 Nomen
360 1930 517 1996 muliebre
544 1926 723 2008 Κλεοθθίς
747 1932 867 2017 legitur
895 1931 932 1996 C.
953 1931 978 1996 L
1002 1930 1065 2012 (ir.¹
1086 1934 1198 2013 221112,

87 2028 140 2093 ubi
162 2029 254 2094 baud
284 2029 381 2094 dubie
406 2028 653 2116 intelligendum
685 2041 734 2096 est
756 2024 925 2106 Κλεοτθίς
955 2031 1007 2096 vel
1029 2027 1197 2104 Κλεοπτίς,

87 2136 121 2190 ut
140 2127 225 2193 baec
248 2129 398 2217 exempla
420 2130 605 2196 ostendunt:
622 2122 815 2217 Ἀμφοττίς
836 2130 925 2217 apud
933 2129 1092 2214 Rangabe
1107 2133 1198 2196 21183.

88 2233 113 2302 3,
131 2218 349 2308 Ἐμπεδοττίς
370 2229 459 2317 apud
470 2230 555 2313 Keil,
578 2230 703 2320 sylloge
722 2232 819 2298 inser.
837 2231 961 2296 Boeott.
980 2233 1026 2294 13.
1040 2238 1068 2310 4,
1087 2219 1199 2308 Ἐροτ-

87 2320 135 2402 rig
155 2327 248 2416 apud
266 2327 425 2419 Rangabe
446 2334 537 2399 2138.

488 2683 704 2784 CAPUT
729 2687 812 2786 VI.

348 2885 395 2933 DE
418 2885 668 2934 CHRONOLOGIA
689 2885 939 2933 ASPIRATIONIS.

149 3033 249 3114 Quod
273 3055 373 3120 supra
399 3035 434 3098 in
455 3032 589 3099 exordio
612 3032 682 3097 dixi
702 3037 768 3098 iam
795 3032 838 3098 ab
861 3033 1097 3119 antiquissimis
1119 3041 1200 3097 tem·

90 3133 223 3217 poribus
257 3141 370 3198 tenues
401 3133 543 3198 cuiusvis
573 3131 659 3197 sedis
690 3130 733 3195 ad
763 3132 994 3218 aspirationem
1026 3129 1199 3197 inchoasse

91 3251 225 3320 eamque
248 3233 330 3296 sicut
351 3232 493 3297 fluminis
513 3230 756 3297 inundationem
779 3229 998 3317 paullatim
1020 3239 1052 3294 et
1074 3231 1199 3296 certis

91 3330 291 3413 gradibus
314 3341 566 3396 crescentem
585 3327 1015 3416 postremototamlinguam
1030 3329 1201 3415 vulgarem

91 3440 237 3494 veterum
259 3428 460 3495 Graecorum
491 3453 684 3517 occupasse,
713 3440 749 3496 ut
770 3428 847 3494 inde
873 3451 1011 3513 magnae
1039 3428 1200 3514 quaedam

91 3527 208 3593 urbani
223 3531 381 3595 sermonis
402 3530 663 3618 perturbationes
680 3530 972 3616 proficiscerentur,
994 3526 1030 3592 id
1047 3549 1134 3592 nuno
1149 3549 1201 3592 ac·

94 3629 235 3694 curatius
258 3651 427 3716 exponam
457 3629 495 3693 In
508 3628 718 3714 chronologia
731 3639 838 3694 autem
855 3628 1066 3716 aspirationis
1081 3626 1200 3692 descri-

93 3708 199 3792 benda
220 3728 366 3816 profecto
395 3727 508 3792 calex
530 3727 626 3792 nobis
649 3728 812 3815 sequenda
833 3737 898 3810 est,
927 3737 975 3810 ut,
1004 3748 1067 3812 quo
1090 3725 1201 3812 plures

94 3821 217 3890 formae
238 3825 374 3891 alicuius
396 3826 517 3892 radicis
540 3836 595 3891 aut
618 3828 730 3914 stirpis
752 3851 772 3892 a
796 3825 1009 3916 scriptoribus
1035 3826 1202 3912 aspiratae

95 3925 313 4010 reperiantur,
345 3949 382 3990 eo
409 3927 568 3990 maturius
598 3925 646 3991 ibi
673 3922 786 3992 tenues
813 3927 984 3992 evanuisse
1013 3934 1202 3991 statuamus.

96 4021 206 4112 Itaque
227 4048 293 4090 non
314 4023 440 4108 dubito,
470 4027 548 4112 quin
570 4035 721 4113 quattuor
743 4027 947 4116 potissimum
973 4034 1095 4094 aetates
1116 4025 1202 4118 aspi-

97 4124 229 4192 rationis
250 4123 420 4216 ponendae
441 4126 513 4192 sint.
