3034 4964
602 447 642 509 tt

73 625 331 713 cognoscendam
349 625 407 691 vix
429 627 563 692 minoris
586 628 740 692 momenti
758 635 808 692 est
824 649 919 714 quam
934 627 1079 713 ipsorum
1100 626 1180 689 scri·
1250 697 1252 702 ,

74 736 196 812 ptorum
230 726 295 791 loci
325 724 423 792 modo
456 726 555 792 allati.
601 725 757 791 Videmus
789 728 875 791 enim
908 725 984 790 inde
1014 723 1056 790 ab
1086 726 1179 792 initio

73 825 189 890 saeculi
212 826 316 912 quinti
338 834 414 890 ante
435 825 514 892 chr.
534 849 566 893 n.
588 848 691 914 usque
713 825 756 889 ad
777 825 922 890 infimam
943 825 1062 889 veteris
1078 823 1179 888 Grae-

74 925 175 990 citatis
199 933 340 990 aetatem
361 946 426 989 non
450 924 553 991 solum
581 927 616 990 in
640 924 907 1011 inscriptionibus
929 923 1102 1010 lapidariis
1123 923 1180 987 sed
1276 989 1277 994 ,

73 1025 165 1088 etiam
187 1025 223 1087 in
244 1025 393 1110 papyris,
414 1045 498 1112 quae
519 1023 614 1091 nobis
635 1023 769 1089 relictae
791 1033 875 1106 sunt,
897 1032 963 1088 tam
979 1044 1078 1109 saepe
1093 1023 1178 1108 aspi·

72 1131 154 1187 ratas
176 1145 239 1209 pro
261 1121 410 1187 tenuibus
434 1132 466 1187 et
485 1133 598 1190 tenues
620 1145 680 1212 pro
702 1123 856 1209 aspiratis
872 1119 982 1204 scribi,
1003 1131 1048 1205 ut,
1071 1143 1180 1208 quam·

73 1245 164 1309 quam
186 1223 256 1286 fere
276 1232 422 1288 trecenta
444 1222 595 1311 exempla
611 1223 769 1308 congessi,
788 1235 896 1287 tamen
912 1221 991 1286 mibi
1005 1221 1180 1286 verendum

74 1321 121 1402 ait,
141 1343 182 1385 ne
204 1319 305 1386 multo
328 1321 424 1408 plura
445 1321 654 1406 neglexerim.
700 1320 775 1402 Qua
797 1345 837 1385 ex
859 1343 895 1386 re
917 1330 1003 1385 certe
1024 1319 1086 1384 hoc
1108 1341 1180 1385 con·

74 1418 264 1484 cludendum
279 1431 329 1484 est
342 1419 403 1485 has
418 1420 553 1506 litteras,
576 1421 748 1487 scribendo
763 1411 904 1486 interae
918 1430 1068 1501 mutatas,
1083 1421 1180 1484 etiam

74 1519 104 1582 in
124 1520 389 1605 pronuntiatione
412 1522 542 1608 saepius
559 1522 711 1590 confusae
732 1533 823 1586 esse.
850 1519 1005 1585 Similiter
1020 1521 1055 1584 in
1068 1519 1180 1584 inscri-

74 1617 235 1702 ptionibus
259 1615 413 1702 Graecis,
446 1617 641 1710 ubicumque
662 1642 681 1706 η
712 1642 743 1682 es
766 1641 779 1684 ι
806 1629 862 1684 aut
889 1641 925 1681 αι
955 1628 985 1682 et
1007 1639 1024 1680 a
1050 1619 1183 1684 confusa

75 1727 154 1800 sunt,
176 1719 248 1782 sine
267 1717 335 1782 ulla
357 1717 558 1784 dubitatione
580 1718 839 1784 concludendum
862 1728 912 1783 est
933 1717 967 1781 id
984 1716 1181 1805 quodetiam

75 1815 199 1882 aliunde
223 1819 360 1883 scimus:
391 1816 473 1882 tales
495 1818 605 1884 titulos
626 1820 691 1884 iam
721 1817 858 1882 adeam
882 1826 1020 1882 aetatem
1041 1815 1183 1881 referen-

75 1914 130 1980 dos
156 1939 246 2000 esse,
278 1910 344 2005 qua
365 1939 385 2002 η
409 1927 441 1981 et
461 1935 492 1980 sc
510 1918 545 1982 in
566 1941 593 1993 ι,
627 1939 663 1980 αι
689 1918 724 1981 in
746 1937 762 1980 s
783 1916 1016 1994 transierint.⁸)
1060 1915 1182 1980 Omnes

76 2025 178 2081 autem
202 2015 362 2082 eiusmodi
380 2015 583 2082 contorsiones
601 2015 704 2082 multo
726 2017 856 2103 saepius
877 2016 911 2079 in
929 2016 1068 2100 privatis
1086 2035 1182 2102 quam

75 2117 105 2177 in
132 2114 273 2201 publicis
305 2115 572 2204 inscriptionibus
602 2116 824 2181 inveniuntur:
858 2131 962 2201 neque
991 2113 1025 2177 id
1055 2116 1182 2196 mirum,

75 2211 199 2278 illarum
224 2217 310 2279 enim
329 2225 478 2280 aumores
500 2237 599 2302 saepe
620 2215 766 2280 homines
787 2213 942 2278 ineruditi
963 2213 1102 2297 ficerunt,
1121 2213 1184 2278 bae

75 2333 147 2378 vero
179 2333 309 2400 semper
336 2313 379 2378 ad
405 2311 599 2378 tabellarum
629 2314 832 2400 publicarum
859 2310 1062 2398 exemplaria
1088 2333 1184 2376 excu-

77 2409 250 2496 debantur,
283 2433 367 2500 quae
390 2421 513 2498 quanta
540 2433 613 2478 oum
635 2413 804 2499 diligentia
831 2420 863 2475 et
885 2433 964 2476 cura
986 2412 1184 2498 compositae

78 2511 137 2574 sint
166 2512 251 2576 sciet
277 2512 460 2598 quicunque
486 2511 732 2576 Atheniensium
763 2509 874 2576 titulos
900 2509 1049 2596 publicos
1080 2509 1185 2575 obiter

76 2617 199 2676 tantum
220 2611 411 2695 inspexerit.
452 2609 524 2676 Iam
543 2611 659 2697 igitur,
692 2613 720 2675 si
740 2619 863 2674 certum
893 2618 942 2674 est
968 2610 1132 2696 aspiratae
1154 2615 1187 2673 et

75 2717 183 2774 tenues
206 2710 241 2773 in
262 2708 376 2794 lingua
392 2709 523 2796 vulgari
545 2713 676 2797 saepius
692 2707 855 2792 confundi,
877 2707 1000 2795 duplex
1014 2709 1070 2772 via
1085 2718 1185 2794 patet,

78 2829 138 2893 qua
164 2807 372 2874 confusiones
400 2808 476 2874 illae
505 2808 665 2897 explicari
693 2811 832 2895 possint:
864 2817 920 2872 aut
946 2809 1031 2872 enim
1058 2807 1186 2872 litterae

77 2915 184 2972 tenues
208 2910 427 2994 aspiratarum
450 2917 506 2974 ant
526 2918 641 2974 contra
656 2909 823 2994 aspiratae
839 2908 983 2971 tenuium
999 2929 1114 2972 sonum
1131 2906 1186 2971 ha·

78 3003 222 3071 buerunt.
256 3005 353 3070 Hanc
372 3029 451 3072 vero
474 3006 610 3072 alteram
630 3008 788 3071 rationem
810 3006 980 3090 quominus
1003 3027 1186 3092 sequamur,

80 3103 158 3169 duae
186 3107 392 3190 potissimum
424 3129 543 3172 causae
570 3105 770 3194 prohibent,
787 3122 869 3191 qaas
893 3105 1003 3168 statim
1025 3123 1186 3170 enumero.

77 3202 122 3266 Ac
143 3206 284 3290 primum
301 3205 430 3291 quidem
446 3205 577 3271 obstant
593 3205 704 3270 decem
718 3203 775 3268 illa
788 3205 974 3270 testimonia
992 3205 1187 3290 scriptorum

79 3302 169 3368 modo
193 3303 308 3386 allata,
340 3326 424 3391 quae
452 3306 583 3392 quidem
614 3305 722 3368 omnia
747 3299 781 3368 id
803 3325 840 3370 eo
863 3303 1067 3369 consentiunt
1088 3323 1186 3389 saepe

77 3399 241 3488 inlingua
271 3403 401 3489 vulgari
429 3415 542 3471 tenues
570 3408 604 3468 in
632 3404 796 3488 aspiratos
828 3406 986 3468 transisse
1015 3421 1076 3467 nec
1104 3423 1187 3468 unus

78 3501 208 3586 quidem
230 3504 322 3568 testis
345 3504 497 3588 antiquus
520 3503 659 3569 excitari
680 3512 797 3587 potest,
821 3504 877 3588 qui
899 3503 1097 3567 contrariam
1118 3523 1187 3564 mu-

77 3601 231 3666 tationem
250 3611 391 3668 tueatur.
427 3601 558 3668 Deinde
578 3603 655 3668 huic
676 3603 796 3666 rationi
817 3611 980 3687 repugnat
1003 3602 1107 3665 omnis
1130 3621 1186 3662 na-

78 3705 149 3764 tura
169 3710 202 3765 et
220 3700 357 3766 historia
377 3700 518 3786 linguae.
548 3699 680 3766 Etenim
700 3701 728 3763 si
751 3709 874 3766 certum
896 3710 945 3764 est
964 3698 1109 3784 linguam
1128 3719 1188 3784 per

81 3817 129 3881 se,
150 3800 217 3864 nisi
239 3809 347 3864 certae
368 3821 513 3882 caussae,
535 3821 617 3887 quas
638 3799 726 3865 infra
745 3797 911 3882 tractabo,
933 3795 1102 3881 accedant,
1122 3819 1187 3864 non

125 4035 151 4100 8)
171 4029 248 4084 Idem
266 4031 340 4084 cadit
355 3987 386 4083 in
404 4029 594 4086 confusionem
611 4031 764 4086 litterarum
781 4031 800 4086 b
822 4037 850 4085 et
866 4047 885 4085 v
903 4031 978 4102 apud
997 4030 1126 4084 Latinos:
1152 4029 1187 4084 cf.

80 4111 202 4185 Corssen,
220 4116 334 4185 Ausspr.
353 4119 405 4171 etc.
425 4131 491 4185 pag.
511 4119 625 4170 131-32
645 4116 699 4185 (ed.
716 4115 772 4183 IL).
