3088 4966
885 452 946 514 220

356 624 498 707 τοκέες
518 623 550 694 τ’
575 621 695 710 δίλοχοί
714 621 755 693 θ’
777 622 1000 718 ἡμερολεγδόν
1024 631 1059 696 in
1080 629 1285 716 anapaestis,
1309 649 1393 716 quos
1412 651 1465 692 nn-

356 753 462 796 meros
484 739 685 818 quantopere
706 729 839 796 adiuvet
860 739 892 795 et
913 731 1069 816 expediat
1087 729 1193 795 forma
1212 728 1336 810 soluta,
1357 737 1467 813 sponte

340 830 611 917 'perspicitur.⁶³)
653 830 718 894 Sed
740 830 999 894 terminationem
1021 831 1104 913 -ῆες,
1127 851 1210 915 quac
1230 831 1306 916 ipss
1326 849 1466 892 nonnun-

356 950 454 1014 quam
479 931 513 994 in
541 929 707 996 codicibus
734 930 876 995 occurrit
904 937 1009 994 metro
1038 928 1229 1014 plerumque
1256 935 1467 1014 repugnante,

355 1037 443 1093 recte
476 1050 563 1096 nunc
593 1028 733 1093 editores
765 1037 964 1093 commutant
983 1037 1038 1092 aut
1060 1050 1132 1092 cum
1154 1022 1243 1102 -έεςε
1276 1027 1370 1090 Pers.
1396 1031 1468 1092 580:

354 1121 467 1204 τοκέες
484 1119 515 1190 τ’
540 1118 694 1210 doctrice,
717 1137 774 1191 cut
795 1149 867 1190 cum
888 1127 962 1212 -ῆςτ
983 1127 1035 1191 Ai.
1054 1131 1131 1192 959:
1152 1119 1208 1204 ξύν
1222 1147 1258 1187 τε
1274 1122 1396 1188 διπλοῖ
1408 1128 1469 1205 βα-

354 1223 463 1312 σιλῆςς
484 1227 605 1314 quippe
623 1249 706 1312 quae
726 1226 833 1291 forma
843 1224 899 1290 illo
921 1235 1075 1311 tempore,
1087 1225 1144 1290 ubi
1157 1227 1223 1290 iam
1237 1226 1272 1288 in
1285 1225 1388 1309 -ῆςοε
1402 1221 1468 1300 -έες

355 1327 556 1414 antiquitatis
579 1325 738 1413 quaedam
761 1327 887 1412 species
910 1333 943 1388 ct
964 1325 1110 1409 gravitas
1132 1323 1345 1401 cernebatur,
1368 1347 1469 1412 aeque

354 1423 499 1490 obsoleta
519 1425 618 1489 fuerit
635 1435 732 1512 atque
747 1425 890 1510 genetivi
911 1423 1096 1488 terminatio
1116 1424 1200 1508 -ῆος,
1223 1423 1315 1488 cuius
1338 1435 1469 1510 praeter

222 1594 227 1604 ,
353 1522 482 1590 Solonis
510 1523 568 1588 illa
588 1522 692 1588 verba
725 1545 746 1588 a
766 1523 870 1609 Lysia
901 1523 1097 1600 cxcitatal’l)
1129 1521 1250 1586 nullum
1283 1523 1318 1586 in
1351 1521 1469 1593 litteris

353 1620 470 1686 Atticis
491 1623 654 1708 reperitur
674 1625 848 1708 vestigium
871 1631 946 1686 ante
966 1619 1175 1707 Euripidem,
1198 1643 1292 1708 quem
1313 1643 1383 1686 non
1405 1633 1470 1687 tam

353 1719 431 1804 quid
452 1721 526 1807 ipsa
549 1723 703 1786 orationis
726 1731 844 1785 natura
865 1731 897 1784 et
918 1741 1113 1806 progressus
1135 1719 1333 1806 postularet,
1356 1720 1470 1786 subtili

353 1827 385 1884 ct
412 1817 536 1907 liquido
568 1819 690 1885 iudicio
722 1820 876 1906 elegisse,
909 1840 1006 1907 quam
1040 1819 1189 1906 quaesita
1221 1818 1380 1905 quadam·
1402 1831 1469 1884 arte

352 1917 611 1984 reconditissima
633 1941 779 2006 quaeque
802 1920 1005 2004 congessisse
1035 1919 1100 1982 iarn
1122 1926 1250 1982 veteres
1270 1917 1357 1984 benc
1377 1919 1468 1984 intel-

351 2015 569 2101 lexerunt3⁶⁵)
601 2016 691 2104 apud
719 2018 806 2083 hunc
836 2019 937 2104 igitur
964 2019 999 2082 iu
1018 2015 1090 2103 Iph.
1118 2016 1157 2082 Τ.
1178 2039 1209 2082 v.
1233 2021 1302 2084 436.
1326 2016 1466 2104 legimns

352 2113 474 2180 λευκὰν
495 2109 609 2193 ἀκτάν,
631 2108 805 2203 Ἀχιλῆος)
824 2108 972 2198 δρόμους
992 2108 1305 2195 καλλισταδίους.“)
1540 2117 1541 2124 ’

357 2253 360 2258 -
434 2217 473 2281 In
494 2215 711 2280 verborum
739 2215 1167 2302 plusquamperfectis
1195 2213 1362 2300 duplicem
1390 2216 1465 2282 libri

349 2313 471 2381 habent
484 2317 758 2381 terminationem:
782 2335 802 2399 η
825 2325 857 2380 et
871 2336 949 2390 ειν,
973 2314 1203 2401 inpersona13
1224 2313 1364 2399 legimus
1380 2319 1462 2382 enim

391 2405 464 2502 ᾔδη
484 2413 561 2480 Ant.
586 2414 680 2493 sau)
702 2413 783 2479 Oed.
804 2413 842 2479 R.
865 2415 983 2493 teau)
1004 2413 1057 2480 El.
1075 2421 1163 2480 1115.
1188 2412 1268 2479 Eur.
1287 2413 1369 2503 Hip.
1394 2423 1462 2485 ιιι.

391 2602 507 2698 ᾔδειν
526 2611 602 2676 Ant.
615 2617 686 2678 448.
703 2617 792 2682 1185.
816 2610 886 2678 OC.
907 2615 976 2678 948.
999 2611 1078 2678 Eur.
1096 2611 1175 2699 ch
1192 2617 1262 2688 649.
1285 2613 1344 2680 Tr.
1358 2621 1427 2684 656
1539 2663 1540 2670 ι

431 2710 538 2800 Atque
558 2711 756 2798 posteriores
778 2711 909 2798 q'uidsm
930 2710 1019 2776 locos
1041 2713 1070 2776 si
1092 2711 1355 2778 consideramus:
1539 2707 1540 2730 .

388 2809 463 2876 Ant.
486 2817 562 2880 448:
581 2801 688 2897 ᾔδειν·
707 2833 741 2873 τι
762 2809 783 2874 δ
820 2832 879 2874 ova
899 2808 1061 2890 ιμελλονς
1084 2805 1216 2898 ἐμφανῆ
1237 2809 1302 2895 γὰρ
1323 2800 1372 2897 ἦν.

387 2908 438 2975 El.
464 2916 559 2978 11852
583 2902 629 2986 ὡς
650 2901 710 2973 οὐκ
731 2901 786 2995 ἄρ’
813 2901 906 2998 ᾔδειν
926 2911 992 2972 τῶν
1016 2904 1106 2990 ἐμῶν
1126 2902 1223 2974 oridia
1241 2911 1365 2974 κακῶν.

389 3006 457 3074 Oc.
480 3011 555 3074 948:
579 3003 643 3090 ἐγώ
666 3003 815 3096 ξονῇδειν
833 3003 976 3088 χθόνιον
998 3000 1076 3073 ὄνθ’
1102 2999 1140 3086 δς
1161 3003 1222 3073 οὐκ
1244 3005 1296 3096 ἐᾷ.

389 3104 449 3193 Cy.
471 3112 548 3174 649:
570 3103 679 3172 πάλαι
697 3105 759 3190 μὲν
779 3101 873 3196 ᾔδειν
894 3099 933 3172 o'.
952 3099 1032 3174 δνια
1051 3112 1206 3174 τοιοῦτον
1228 3104 1340 3198 φύσει.

388 3205 443 3271 Tr.
466 3211 543 3273 655:
564 3208 736 3289 παρεῖχον·
760 3199 853 3295 ᾔδειν
875 3199 910 3271 δ’
935 3200 1000 3286 cipe*
1018 3210 1098 3294 χρῆν
1120 3211 1216 3273 νικᾶν
1236 3203 1341 3274 πόσιν
1363 3251 1404 3260 -

353 3538 359 3556 1
396 3455 439 3521 63)
466 3455 571 3524 Aperte
586 3453 689 3528 falsum
713 3459 755 3509 est
773 3454 883 3518 ἀολλέες
900 3437 1019 3510 Pliiloct.
1041 3458 1118 3512 1469:
1141 3461 1283 3530 χωρῶμεν
1301 3459 1338 3527 δὴ
1358 3461 1458 3524 πάντες

345 3539 498 3689 αολδδῗὸδ.
517 3625 575 3675 not.
593 3625 636 3676 aa
656 3649 687 3660 -
708 3624 751 3688 65)
770 3619 811 3676 cf.
830 3627 853 3688 ς.
872 3625 896 3675 2.
915 3639 942 3692 p.
959 3625 1015 3676 198.

400 3707 444 3770 66)
462 3703 522 3776 Iph.
540 3704 575 3758 A.
591 3708 663 3759 1056.
681 3704 743 3776 ipsa
759 3721 934 3759 numerorum
951 3705 1023 3758 ratio
1040 3721 1090 3776 pro
1111 3703 1287 3776 πεντήκοντα
1304 3705 1386 3778 κόραι
1406 3716 1456 3776 Na

344 3793 408 3883 ρῆος
427 3787 557 3842 substitui
574 3786 654 3841 iussit
670 3793 797 3861 Νηρέος,
825 3788 900 3860 quod
916 3793 980 3858 post
997 3789 1150 3844 Seidlerum
1175 3807 1270 3845 omncs
1294 3797 1452 3864 receperunt

343 3871 538 4013 widelmus.
556 3955 591 4008 A.
611 3953 697 4008 habet
715 3951 804 4026 ᾔδειν,
825 3954 874 4008 sed
892 3952 946 4030 ἤδη
967 3933 1067 4025 legisse
1087 3955 1262 4012 scholiastam
1283 3958 1451 4014 manifestam

346 4041 388 4090 cst
400 4051 433 4091 ex
443 4037 501 4091 eius
511 4037 616 4108 glossa:
629 4038 690 4092 ἀντὶ
706 4043 755 4093 τοῦ
768 4034 847 4112 ᾔδει.

399 4123 442 4189 68)
459 4119 492 4174 ln
510 4119 593 4176 Lacr.
607 4124 635 4174 A
652 4119 755 4192 legitur
771 4120 846 4190 ἤιδει
856 4123 1041 4194 superscripto
1054 4143 1079 4181 ν.
