3088 4966
858 401 918 465 214

337 569 429 664 ἥκετ’
461 567 634 662 εὔφρονες,
658 574 788 653 ἵλαοι,
812 573 964 654 nicusus,
988 569 1090 653 ἄλσος
1114 573 1149 660 ἐς
1170 571 1383 660 indemnati)
1400 615 1439 626 —

336 677 393 741 sed
422 673 520 742 etiam'
542 673 718 762 Sophocles
752 686 783 740 et
803 675 980 764 Euripides
1012 675 1133 764 templa
1162 686 1249 744 certe
1280 676 1392 742 divina
1412 687 1441 742 et

332 785 446 840 sancta
458 775 639 862 antiquiore
661 774 798 864 ideoque
820 775 981 846 sanctiore
995 777 1125 842 nomine
1148 773 1235 852 ναός,
1260 799 1359 864 quam
1378 775 1441 840 vol-

323 877 403 964 =gari
420 867 500 950 νεώς
513 873 679 960 appellare
698 871 888 940 maluerunt.
919 875 1072 960 Legimus
1087 876 1188 960 igitur
1211 868 1312 958 νεώς
1335 873 1441 938 semel:

330 973 420 1038 Pers.
451 965 657 1058 8103w0'9
691 971 790 1036 semel
826 973 915 1059 apud
942 973 1141 1060 Aeschylum
1171 973 1248 1040 olim
1279 972 1442 1038 exstabat:

330 1073 368 1137 fr.
385 1077 450 1140 168.
466 1069 519 1152 H.,
534 1069 590 1138 ubi
600 1071 766 1156 ingeniose
777 1069 950 1138 Dobraeus
968 1084 999 1140 et
1012 1073 1220 1140 Hermannus
1235 1071 1443 1138 emendarunt

332 1161 444 1246 ιῖιοις;
465 1169 756 1235 innumerabilibus
778 1181 885 1239 autem
907 1173 940 1237 in
962 1171 1110 1238 versibus
1133 1165 1305 1260 Sophoclis
1329 1181 1361 1236 et
1381 1169 1441 1234 Eu·

332 1269 457 1358 ripidis.
505 1267 624 1334 similit
611 1279 660 1334 ter
682 1263 779 1346 λαός
800 1281 831 1334 οι
818 1270 941 1335 ttsubs
928 1273 1043 1346 tentivi
1062 1273 1143 1346 ναῦς
1163 1273 1334 1358 genetivus
1357 1265 1444 1343 νοός

332 1378 399 1438 tam
415 1377 557 1454 saepest
572 1369 606 1434 in
544 1369 773 1434 tdiverbiis
787 1379 819 1434 et
834 1369 869 1434 in
879 1369 1002 1436 melicis
1020 1371 1171 1458 partibus
1183 1379 1393 1458 usurpantur,
1414 1378 1445 1432 ut

332 1470 398 1532 iam
421 1491 462 1532 ex
476 1467 539 1532 hac
559 1489 595 1532 re
615 1468 711 1533 facile
735 1441 869 1554 colligas
891 1479 1008 1534 natura
1030 1471 1123 1566 quasi
1145 1493 1200 1536 eas
1222 1471 1347 1534 formas
1368 1466 1446 1532 adeo

333 1566 448 1631 decere
466 1565 653 1652 tragoediae
675 1569 881 1652 gravitatem,
904 1578 940 1632 ut
961 1570 995 1632 in
1017 1567 1153 1653 singulis
1173 1567 1338 1654 singulare
1350 1565 1447 1655 quod·

334 1665 410 1730 dam
428 1664 646 1730 consiliumet
668 1663 818 1729 subtilius
839 1665 922 1729 inter
937 1667 1097 1734 vocabula
1118 1659 1197 1744 ναός
1210 1659 1344 1743 essenis,
1371 1659 1449 1740 λαός
1529 1673 1530 1734 l

333 1773 366 1828 et
387 1757 470 1840 λεώς
492 1761 667 1828 discrimen
696 1766 784 1828 cerni
817 1764 904 1830 nullo
933 1775 1029 1854 pacto
1060 1777 1167 1854 queat.
1210 1757 1363 1881 Denique
1386 1789 1449 1830 vox
1529 1803 1530 1856 q

332 1861 467 1940 ἵλαος,
492 1885 575 1948 quae
597 1864 725 1928 omnino
748 1863 837 1930 haud
857 1865 904 1928 ita
926 1865 1078 1980 frequens
1100 1868 1179 1930 est
1169 1890 1204 1930 111
1222 1889 1316 1954 poesi
1305 1866 1400 1932 Αιι
1378 1877 1449 1944 tica,

337 1963 425 2050 apud
447 1971 560 2050 poetas
581 1963 724 2048 tragicos
748 1985 814 2027 nou
833 1965 996 2028 invenitur
1017 1965 1081 2028 nisi
1103 1967 1137 2030 in
1159 1967 1309 2033 canticis:
1332 1963 1448 2028 Aesch.

336 2062 430 2126 Eum.
455 2067 542 2130 1040.
569 2059 668 2148 Soph.
690 2061 865 2131 00.1480.
1265 2149 1266 2152 Ἴ

418 2161 463 2226 Αι
486 2159 660 2226 mirabitur
681 2159 821 2225 fortasse
840 2162 1013 2250 quispiam,
1036 2162 1114 2248 quid
1137 2163 1179 2226 sit
1201 2163 1288 2250 quod
1309 2186 1379 2228 non
1399 2163 1448 2226 hic

335 2284 462 2350 quoque
473 2261 584 2325 lonica
599 2261 708 2346 potius
723 2261 828 2324 forma
845 2253 932 2344 νηός,
958 2261 1447 2346 aquia·antiquioresAtticorum

334 2359 460 2424 litteras
483 2361 710 2446 occupaverit3
742 2359 952 2447 quamobrem
979 2376 1211 2447 nonnunquam
1239 2360 1300 2424 has
1329 2360 1447 2425 formas

334 2460 369 2524 in
389 2459 545 2524 Dorismo
568 2479 666 2546 quem
688 2457 815 2540 dicunt,
835 2479 1008 2522 numerare
1030 2457 1142 2526 solent
1185 2459 1231 2526 At
1251 2483 1331 2528 vero
1358 2460 1448 2545 longe

281 2601 283 2608 ι
335 2557 401 2642 alia
422 2567 471 2638 est
491 2558 576 2622 ratio
596 2556 772 2622 verborum
798 2549 900 2632 καιω,
933 2547 1031 2626 ἐλαία
1053 2567 1112 2624 ctt.
1132 2582 1215 2646 quae
1235 2561 1445 2624 tractavimus

246 2715 250 2750 λ,
336 2661 366 2740 ᾖ
390 2665 426 2740 5,
448 2656 513 2722 alia
534 2653 650 2721 horum
678 2633 920 2726 vocabulorum
963 2654 1025 2720 illa
1052 2660 1138 2722 enim
1165 2681 1208 2727 ex
1226 2658 1360 2726 Ionia
1350 2681 1385 2722 m
1402 2657 1446 2722 lit·

334 2765 422 2820 teras
441 2754 511 2820 Art
488 2764 571 2820 troas
596 2755 834 2842 migraverunt:
865 2755 986 2822 haec
977 2778 1011 2820 111
1040 2756 1115 2852 ipsa
1134 2757 1319 2826 Atticorum
1340 2756 1446 2842 lingua

335 2855 451 2923 ceteris
472 2853 585 2918 formis
603 2847 696 2930 λιοις,
721 2849 811 2932 νεώς,
836 2864 943 2920 aetate
963 2863 1225 2930 antecesserunt3
1246 2855 1328 2920 nihil
1345 2865 1446 2920 autem

335 2953 377 3019 ab
399 2953 495 3028 huius
518 2955 624 3040 gentis
646 2953 758 3040 lingua
779 2955 884 3039 magis
907 2946 1062 3020 abhorret
1085 2955 1311 3020 coniunctione
1328 2955 1445 3022 littera-

335 3077 408 3120 rum
428 3059 477 3168 23‘03
509 3053 591 3118 haec
611 3053 672 3118 luit
702 3075 818 3120 caussa
847 3075 904 3118 cur
931 3075 996 3118 non
1019 3054 1259 3169 requiescerent
1281 3057 1315 3120 in
1338 3056 1446 3120 Ionica

334 3161 432 3238 genet
433 3153 479 3218 ivi
506 3153 612 3216 forma
638 3173 751 3242 οικηος
773 3175 792 3219 a
819 3153 1018 3218 nominativo
1041 3143 1168 3236 οικεύς
1179 3152 1319 3218 deducta
1341 3165 1445 3239 (quam

335 3253 443 3338 ipsam
466 3250 542 3316 olim
564 3249 707 3316 Atticam
730 3251 830 3316 fuisse
846 3251 1059 3316 certissimum
1082 3273 1116 3314 es
1117 3252 1187 3333 t4l)
1209 3251 1266 3316 sed
1288 3253 1445 3320 vocalium

216 3389 221 3402 ·
335 3373 487 3420 mensura
508 3334 709 3436 transposita
727 3351 978 3437 pronuntiarent
999 3341 1134 3434 οἶκέωςς
1156 3351 1237 3414 haec
1257 3373 1311 3416 res
1335 3353 1444 3433 effecit,

384 3535 427 3632 48)
447 3563 559 3621 Thesm.
581 3569 621 3621 39.
642 3563 767 3640 εὔφημος
785 3571 842 3626 πᾶς
860 3567 932 3620 ἔστω
951 3564 1098 3626 incircum
1113 3581 1191 3620 mera
1208 3565 1244 3620 sit
1262 3565 1383 3620 imitatio
1396 3566 1466 3620 Eu·

332 3647 438 3724 ripidis‚
457 3647 506 3718 qui
519 3647 655 3704 Hester,
673 3655 749 3717 σῖγα,
766 3649 864 3720 inquit,
884 3654 941 3713 πᾶς
959 3650 1031 3704 ἔστω
1050 3647 1128 3716 λεώς,
1144 3650 1148 3720 l
1165 3653 1233 3718 σίγα
1253 3651 1358 3714 σιώπα,
1378 3667 1442 3704 cum-

1529 3659 1530 3706 l

335 3748 390 3800 que
406 3731 436 3784 ιιι
455 3732 551 3786 cadem
567 3731 686 3787 formula
702 3733 779 3789 Eccl.
798 3739 839 3789 39.
858 3733 942 3787 etiam
960 3731 1029 3794 ιεοις
1046 3736 1195 3803 repetatur,
1215 3737 1291 3786 recte
1310 3733 1441 3805 Bergkius

334 3814 475 3884 scripsisse
491 3815 602 3870 videtur
619 3815 696 3876 λεώς.
1529 3823 1530 3870 ἴ

384 3901 428 3967 49)
453 3897 553 3968 Lysias
570 3899 675 3965 scilicet
692 3900 721 3954 in
739 3905 806 3960 orat.
824 3901 854 3956 in
872 3901 1089 3958 Theomnestum
1106 3907 1129 3967 ἕ.
1150 3903 1188 3956 19.
1210 3899 1315 3969 (Reisk.
1334 3917 1362 3970 p.
1383 3899 1435 3964 ιιι)
1529 3891 1530 3894 ’

335 3998 350 4034 e
367 3979 475 4039 Solonis
493 3982 602 4056 legibus
623 3983 692 4038 haec
711 3984 812 4040 excitat
834 3991 862 4039 et
878 3985 959 4059 quasi
975 3985 1030 4046 iam
1047 3985 1196 4058 peregrina
1217 3983 1293 4038 facta
1310 3983 1438 4054 explicat:

334 4068 425 4132 οἰκῆος
443 4069 490 4119 καὶ
509 4065 613 4150 desitne
633 4069 682 4136 τὴι
698 4065 802 4136 βλάβην
823 4064 895 4125 εἶναι
912 4069 1046 4141 ὀφείλειν.
