3056 4968
870 483 928 546 118

345 664 565 748 aspiraturum
586 671 730 727 veterum
758 685 844 728 nunc
871 662 1098 748 inquirendum
1130 672 1193 743 661,
1224 672 1261 726 ut
1290 662 1383 726 etiam
1403 683 1447 724 ra·

344 765 464 827 tionem
501 771 533 826 61
567 771 717 826 naturam
747 761 833 826 illius
865 763 1022 826 transitus
1055 765 1239 827 accuratius
1273 762 1450 849 perspicere

345 861 519 948 possimus.
1352 913 1355 920 .

407 959 482 1040 Qua
504 959 544 1024 de
567 981 603 1022 re
625 957 815 1022 difficillima
844 961 1102 1046 (sempersenim
1125 959 1258 1024 difficile
1280 961 1382 1024 estin
1403 981 1450 1022 eos
1508 975 1509 990 ¹

346 1081 443 1124 sonos
465 1059 640 1146 inquirere,
664 1081 744 1144 quos
766 1081 930 1146 nunquam
953 1060 1131 1138 audiveris)
1146 1061 1260 1124 variae
1274 1058 1371 1124 hodie
1386 1066 1451 1122 sunt

346 1162 491 1223 virorum
512 1157 681 1222 doctorum
704 1158 883 1222 sententiae
914 1167 945 1222 et
974 1158 1081 1222 adhuc
1110 1157 1171 1222 sub
1197 1158 1306 1222 iudice
1331 1157 1371 1222 h's
1401 1166 1451 1220 est.

346 1257 388 1320 ni
409 1257 517 1341 igitur,
543 1257 595 1320 cui
617 1255 752 1320 eandem
766 1279 836 1320 rem
851 1267 1029 1322 retractare
1045 1260 1246 1343 propositum
1260 1267 1320 1338 cst,
1340 1255 1452 1341 triplex

346 1357 402 1420 via
423 1365 528 1441 patet,
562 1377 628 1443 qua
646 1355 728 1419 haec
749 1357 896 1442 quaestio
918 1356 1078 1421 adfinem
1100 1357 1236 1443 perduci
1258 1358 1379 1442 possit:
1405 1364 1453 1418 aut

336 1456 433 1540 'enim
462 1475 550 1518 nova
582 1453 742 1540 quaedam
772 1445 1005 1540 pronuntiandi
1036 1457 1120 1520 ratio
1153 1455 1384 1540 investiganda
1406 1461 1453 1518 aut

347 1575 413 1617 una
427 1561 552 1616 tantum
569 1553 781 1640 pristinarum
794 1557 1026 1620 sententiarum
1042 1553 1213 1640 probanda
1229 1565 1286 1618 aut
1299 1553 1453 1632 eclectica,

350 1673 433 1736 quae
454 1651 582 1734 dicitur,
605 1653 660 1716 via
682 1652 848 1739 sequenda
870 1663 933 1736 est,
964 1677 1029 1742 qua
1051 1654 1160 1740 plures
1183 1676 1222 1718 ac
1243 1654 1393 1719 diversas
1413 1653 1454 1717 lit·

350 1759 495 1815 terarum
515 1771 535 1828 χ
556 1772 582 1836 φ
604 1752 632 1812 θ
654 1753 933 1837 pronuntiationes
960 1751 1036 1818 olim
1057 1743 1158 1817 fuisse
1179 1755 1292 1840 itaque
1315 1753 1454 1818 diversas

349 1851 565 1916 recentiorum
595 1851 771 1915 sententias
807 1852 892 1914 inter
926 1873 997 1915 sese
1025 1851 1263 1938 quodammodo
1295 1851 1454 1918 conciliari

348 1972 446 2038 posse
466 1948 714 2014 demonstretur.

410 2049 460 2114 Ae
481 2050 623 2135 primum
645 2048 775 2134 quidam
797 2047 838 2112 de
858 2047 986 2115 illorum
1004 2050 1163 2114 sententia
1176 2033 1387 2115 iudicandrim
1404 2059 1453 2127 est

349 2171 520 2236 equorum
541 2157 635 2234 parte
650 2169 736 2212 nunc
749 2148 909 2234 imprimis
925 2145 1086 2233 Georgius
1101 2147 1235 2214 Curtius
1254 2151 1328 2232 stat,
1352 2152 1406 2238 qui
1425 2149 1453 2212 in

347 2258 495 2314 veterum
511 2249 732 2334 aspiratarum
745 2247 1007 2334 pronuntiatione
1022 2246 1117 2311 simul
1134 2257 1246 2314 tenues
1264 2259 1296 2314 et
1313 2253 1452 2336 spiritum

348 2359 501 2434 asperum
522 2346 669 2410 auditum
689 2367 761 2410 esse
782 2347 927 2430 putavit,
949 2345 1035 2410 unde
1056 2349 1213 2431 sequitur,
1235 2358 1277 2412 -ut
1298 2353 1453 2438 aspiratae

349 2445 498 2511 Graecae
526 2467 592 2510 non
614 2444 765 2510 diversae
792 2444 913 2509 fuerint
942 2467 963 2509 a
984 2445 1074 2510 duris
1095 2445 1160 2512 illis
1182 2450 1354 2534 aspiratis,
1381 2471 1452 2534 quae

295 2541 298 2548 “
348 2567 408 2631 per
429 2544 476 2608 kh
500 2542 545 2631 ph
565 2543 602 2608 th
630 2541 916 2608 transscribendac
944 2553 1025 2609 sunt.
1067 2543 1121 2609 Ad
1148 2567 1245 2632 quarn
1271 2550 1452 2613 sententiam

347 2645 399 2707 vir
420 2642 627 2708 doctissimus
650 2641 691 2708 ob
714 2665 786 2707 eam
807 2644 1012 2730 potissimum
1037 2666 1185 2708 caussam
1209 2647 1371 2714 adductus
1392 2669 1452 2712 esse

346 2741 491 2823 videtur,
522 2740 609 2826 quod
628 2744 743 2827 negari
765 2765 830 2807 non
851 2751 960 2829 potest
979 2753 1107 2808 veteres
1134 2747 1300 2832 aspiratae
1322 2748 1452 2836 plerum-

348 2863 411 2929 que
433 2840 573 2929 duplicis
595 2842 666 2904 soni
684 2841 788 2906 instar
809 2843 909 2909 fuisse
930 2843 984 2921 (cf.
1007 2843 1113 2910 Curtii
1134 2844 1184 2910 611.
1208 2869 1284 2932 pag.
1298 2854 1359 2914 370
1370 2853 1451 2934 sqq).

347 2939 413 3006 Sed
435 2963 498 3026 quo
520 2941 642 3006 rectius
674 2939 714 3004 de
735 2941 798 3006 hac
825 2965 861 3007 re
887 2943 1085 3026 iudicemus,
1120 2954 1194 3008 ante
1216 2947 1326 3010 omnia
1353 2967 1451 3012 eorum

347 3041 532 3107 testimonia
562 3039 725 3104 audienda
754 3051 844 3124 sunt,
875 3043 931 3127 qui
954 3043 1115 3128 aspiratae
1150 3043 1249 3108 duras
1279 3047 1451 3110 accuratius

324 3136 602 3226 descripserunt:
633 3139 774 3222 Brticki,
803 3140 957 3222 Arendti,
985 3141 1115 3208 Roseni.
1165 3142 1230 3224 Qui
1262 3145 1327 3208 viri
1359 3145 1393 3208 in
1420 3163 1450 3206 co

346 3259 481 3324 prorsus
501 3240 717 3321 consentiunt,
747 3240 835 3326 quod
856 3243 1018 3327 aspiratae
1047 3239 1147 3305 duras
1173 3241 1219 3306 kh
1241 3242 1287 3329 ph
1309 3241 1345 3307 th
1361 3240 1387 3308 'a
1406 3265 1449 3306 no·

348 3339 442 3418 stris,
485 3337 521 3402 id
555 3348 605 3403 cst
640 3337 861 3422 Germanicis,
903 3338 1053 3404 tenuibus
1094 3341 1162 3404 1616
1197 3341 1277 3406 nihil
1314 3341 1448 3407 diversas

347 3459 419 3501 csse
453 3445 619 3502 testantur.
662 3437 719 3501 Ait
753 3439 837 3502 enim
868 3439 1047 3521 Brtickius,
1078 3438 1224 3504 Grunda.
1254 3440 1284 3512 d,
1316 3438 1448 3528 Physiol.

346 3535 376 3599 d.
396 3534 544 3622 Sprachl.
577 3559 652 3622 pag.
676 3543 788 3624 57sq.:
817 3537 952 3620 „Wenn
974 3537 1033 3604 auf
1060 3537 1112 3602 die
1134 3539 1255 3604 Tenuis
1284 3542 1338 3604 ein
1360 3536 1449 3606 Vocat

344 3633 439 3718 folgt,
480 3657 515 3698 so
547 3634 637 3700 kann
671 3660 745 3701 man
780 3636 942 3702 entweder
974 3637 1182 3703 unmittelbar
1216 3639 1302 3704 nach
1333 3636 1446 3705 Dureh-

345 3731 514 3820 brechung
533 3732 590 3800 des
613 3735 843 3800 Verschlusses
866 3735 918 3800 die
941 3735 1139 3802 Stimmritze
1161 3761 1234 3802 zum
1254 3737 1369 3804 Tttnen
1389 3759 1446 3802 ver·

346 3853 477 3916 engern,
501 3855 537 3897 so
562 3833 640 3916 dass
663 3835 720 3900 der
743 3835 815 3900 Ton
837 3834 895 3900 der
918 3835 1053 3902 Stimme
1075 3835 1175 3902 sofort
1197 3837 1358 3924 anklingt,
1380 3836 1445 3903 oder

348 3953 425 3994 man
445 3930 536 3996 kann
566 3931 668 3998 damit'
698 3941 834 4020 regern,
868 3957 904 4000 so
936 3935 1013 4000 dass
1046 3938 1117 4001 eine
1143 3936 1246 4002 kurze
1267 3936 1372 4002 Weile
1397 3935 1444 3998 der

345 4029 464 4094 Athem
486 4031 547 4096 frei
569 4031 671 4096 durch
695 4031 748 4097 die
768 4031 871 4100 offena
887 4034 1085 4101 Stimmritae
1109 4059 1181 4101 aum
1204 4037 1331 4102 offenen
1344 4031 1442 4099 Mund-

345 4129 449 4206 canal⁴
463 4129 686 4197 hernusfliesst
707 4129 772 4197 und
795 4143 860 4200 erst
882 4133 970 4200 dann
991 4134 1044 4201 die
1066 4135 1200 4202 Stimme
1223 4139 1364 4202 einsetzt.
1402 4133 1441 4196 111
