3088 4966
627 433 686 497 215

561 517 716 526 ——q—...--
729 521 767 527 ..-

100 624 135 680 ut
156 615 326 680 nominum
349 615 382 678 in
406 636 437 689 ις
459 616 645 680 exeuntium
667 615 835 700 genetivos
856 603 982 696 πόληος
1003 623 1055 679 ott.
1077 637 1216 680 commu-

100 723 210 777 tarent
245 735 317 778 cum
347 707 492 795 πόλεως
525 713 606 778 hacc
638 711 775 801 denique
807 711 974 800 prohibuit
1003 735 1044 778 ne
1076 735 1216 798 unquam

100 806 194 888 λαός,
221 805 303 887 ναός
312 812 433 884 lormas
445 811 522 876 inde
540 811 581 877 ab
601 815 834 899 antiquissimis
856 811 1058 899 temporibus
1077 812 1215 878 traditas

99 912 313 980 debilitarent
333 913 368 976 in
390 904 485 995 ληός,
519 904 605 995 νηός,
630 911 687 976 sed
709 921 767 976 aut
786 914 925 977 intactas
949 921 980 976 et
1001 913 1146 998 integras
1166 933 1214 975 re·

98 1012 287 1098 linquerent
309 997 366 1075 aut
388 1011 496 1074 statim
525 1019 751 1076 converterent
772 1013 806 1075 in
827 1004 926 1087 λεώς,
962 1005 1049 1086 νεώς.
1092 1009 1216 1075 Errant

99 1111 200 1192 enim,
239 1112 294 1198 qui
322 1112 406 1174 inter
427 1113 461 1178 ἷο
483 1117 514 1174 et
535 1113 572 1180 a]
595 1112 778 1176 necessario
805 1112 1032 1196 interpositam
1054 1131 1126 1174 esse
1149 1110 1217 1196 opi·

98 1219 220 1274 uantur
245 1209 385 1273 mediam
408 1208 570 1295 quandam
591 1209 730 1275 formam
751 1209 800 1293 {253
835 1199 933 1274 imnlo
957 1231 996 1292 o,
1026 1207 1113 1298 quod
1145 1231 1218 1272 cum

99 1319 241 1373 accentu
263 1331 331 1373 non¹
349 1318 535 1390 acueretur,
566 1333 631 1374 non
653 1311 700 1373 ita
722 1307 872 1374 distincte
901 1317 932 1372 et
954 1317 1104 1372 accurate
1127 1331 1146 1372 a
1170 1330 1216 1372 se·

100 1409 215 1494 quenti
231 1406 369 1473 vocalio
390 1407 629 1492 pronuntiando
652 1407 793 1472 discerni
816 1416 952 1494 poterat,
973 1431 1037 1473 uno
1059 1417 1091 1471 et
1105 1405 1217 1472 eodem

99 1517 252 1594 tempore
272 1527 386 1571 vocem
407 1508 448 1570 in
469 1507 577 1572 vocali
606 1528 624 1568 o
656 1505 776 1572 diutius
806 1505 981 1575 subsistere
1007 1509 1116 1592 itaque
1146 1525 1217 1570 eam

99 1606 252 1672 vocalem
275 1615 389 1691 sponte
406 1603 586 1690 producere
606 1605 709 1687 iussit,
729 1607 835 1691 ipsum
859 1607 968 1670 statim
987 1615 1171 1692 correptum
1187 1613 1218 1668 ct

101 1716 167 1770 uta
191 1705 401 1794 pronuntiari
423 1713 570 1790 coeptum
592 1705 695 1783 cst.⁶⁰)
729 1703 824 1785 Quod
841 1705 874 1768 ni
890 1693 984 1786 esset,
1008 1727 1070 1790 quo
1086 1701 1218 1768 tandem

100 1815 200 1892 pacto
224 1805 360 1888 contigit
385 1813 419 1867 ut
434 1803 601 1880 Homerus
625 1803 747 1868 diceret
769 1815 801 1868 et
818 1795 1042 1885 'Aydlooffb
1064 1813 1096 1866 et
1111 1793 1219 1884 Ἀγέ-

100 1903 251 1982 team)
283 1925 441 1990 nusquam
464 1902 586 1966 diecret
615 1893 710 1988 ληός,
743 1896 934 1987 Ἀνὲληοςῖ
967 1905 1021 1986 qni
1051 1902 1159 1965 evenit
1184 1914 1219 1964 ut

100 2003 189 2068 idem
213 2009 247 2066 et
268 1994 433 2079 tuanen)
454 2009 485 2065 et
506 1994 620 2064 ἱκέτεω
633 2003 672 2079 ⁵⁴)
694 2011 882 2088 usurparet,
910 2023 1074 2087 nunquam
1095 2000 1129 2063 in
1151 1997 1218 2063 ulla

101 2102 244 2166 dialecto
272 2101 377 2166 exiret
397 2101 566 2187 genetivus
587 2102 622 2164 in
641 2099 701 2183 iso?
745 2101 898 2166 Ceterum
926 2121 968 2163 ex
995 2097 1060 2163 illis
1081 2095 1218 2161 Homeri

101 2200 275 2290 exemplis,
299 2222 382 2286 quae
403 2222 420 2263 e
441 2199 564 2265 maiore
586 2199 793 2266 multitudine
815 2201 1055 2286 excerpsimus,
1080 2205 1219 2284 apparet

101 2323 166 2364 non
187 2299 233 2364 ab
255 2299 382 2381 Atticis,
407 2309 442 2364 ut
463 2309 588 2364 veteres
611 2299 738 2381 docent,
760 2300 925 2364 inventam
942 2321 1014 2364 esse
1035 2319 1108 2362 eam
1129 2318 1216 2362 mon·

103 2422 199 2463 surae
238 2400 496 2481 conversionem,
534 2397 592 2464 sed
623 2399 799 2488 antiquitus
830 2395 994 2489 ‚saffiram
1029 2405 1060 2461 et
1092 2397 1139 2460 ita
1173 2394 1215 2460 ab

103 2495 360 2564 Atheniensibus
382 2507 513 2584 praeter
535 2507 659 2562 ceteras
683 2495 838 2564 dialectos
860 2505 1038 2578 servatam,
1061 2505 1097 2562 ut
1118 2517 1214 2560 voces
1286 2583 1288 2589 Ι

104 2591 206 2672 ναός,
252 2595 335 2672 λαος
371 2597 579 2682 grandiorem
626 2595 778 2662 decerent
812 2605 844 2662 et
881 2595 1060 2682 digniorem
1100 2595 1216 2660 oratio-

104 2719 189 2779 nem,
212 2695 322 2781 legum
338 2695 489 2782 inprimis
504 2707 540 2760 ut
555 2695 695 2780 videtur,
713 2697 976 2786 reliquarumque
990 2693 1219 2775 formularum3

105 2793 326 2860 commodiora
354 2795 514 2860 vocabula
546 2787 640 2872 νεώς,
674 2789 758 2870 λεώς
784 2795 913 2881 volgari
946 2804 1126 2860 tererentur
1153 2816 1218 2858 ser·

106 2915 201 2957 mone
232 2891 370 2980 ideoque
400 2893 565 2982 aliquanto
597 2893 725 2958 demum
751 2904 826 2980 post
852 2893 1032 2958 litterarum
1060 2897 1095 2958 in
1124 2915 1218 2961 usum

107 2993 342 3076 reciperentur.
354 2993 395 3068 ⁵⁵)

187 3091 258 3154 Iam
290 3089 367 3178 quid
396 3090 601 3158 statuendum
631 3091 672 3156 sit
701 3091 741 3156 de
769 3093 863 3158 tertio
894 3091 1070 3156 formarum
1097 3111 1217 3176 genere

106 3189 192 3274 quod
222 3191 346 3276 passim
372 3189 406 3254 in
436 3200 606 3278 poetarum
633 3192 832 3276 tragicorum
863 3189 1028 3274 codicibus
1060 3188 1216 3256 occurrit:

105 3281 217 3371 νηός,
243 3287 358 3373 νηῶν,
383 3299 497 3376 sponte
518 3279 724 3378 intellegitur.
741 3279 743 3286 ’
758 3289 797 3356 In
817 3289 935 3356 Atticis
956 3288 1079 3356 scilicet
1098 3288 1212 3354 formis

158 3521 201 3588 50)
221 3519 351 3576 Similiter
368 3535 384 3573 e
401 3519 515 3592 pluralis
533 3520 662 3591 genetivo
678 3520 708 3574 in
727 3520 786 3576 άων
803 3519 923 3576 effloruit
939 3526 1006 3591 ἐιιη
1034 3535 1107 3591 quac
1123 3519 1216 3574 tenni*

111 3603 187 3657 natio
204 3603 288 3656 etiam
300 3605 374 3674 apud
384 3605 601 3676 Aristophanem
619 3605 750 3660 occurrit:
771 3605 844 3661 Nub.
856 3607 914 3660 401.
933 3607 980 3658 καὶ
991 3602 1112 3662 Σούνιον
1131 3599 1216 3676 ἄκρον

104 3685 281 3756 Henaton
309 3686 420 3744 Thesm.
445 3691 501 3743 ³29.
532 3687 767 3763 ἐκκλησιάσαιμεν
785 3689 952 3756 Ἀθηνέων
974 3689 1096 3758 εὐγενεῖς
1117 3693 1217 3760 γυναῖ-

111 3785 171 3840 κεςς
192 3769 262 3824 altor
280 3769 384 3824 scilicet
401 3771 477 3825 locus
497 3777 605 3843 spectat
622 3771 658 3826 ad
675 3771 725 3827 Od.
738 3793 764 3844 γ,
783 3776 841 3842 278,
860 3772 930 3827 altar
948 3777 990 3827 est
1007 3771 1116 3828 cantici.

163 3857 206 3923 ιι)
220 3873 249 3924 χ.
268 3857 394 3909 212241.
412 3885 446 3894 -
463 3859 506 3922 aa)
520 3876 549 3926 χ.
563 3859 618 3910 131.
631 3859 688 3911 ιιι.
707 3887 739 3896 -
759 3859 801 3926 53)
823 3862 860 3912 «a.
873 3861 913 3911 re.
930 3887 964 3896 -
981 3859 1025 3922 54)
1043 3859 1079 3910 a.
1091 3859 1147 3910 res.
1163 3859 1218 3911 rar.

162 3940 205 4006 55)
222 3937 389 3992 Archilocho
406 3939 529 3994 nondum
547 3939 737 4010 suppeditasse
755 3939 872 3994 formam
890 3942 982 4016 ἵλεῳς,
1005 3940 1023 3995 i.
1041 3955 1066 3994 e.
1089 3953 1107 3994 a
1128 3939 1218 4011 poesis

112 4018 251 4154 {legantis
269 4037 328 4075 eam
348 4027 407 4076 turn
424 4039 512 4094 usque
530 4023 649 4077 alienam
667 4021 765 4093 fuisse,
783 4023 927 4078 chnems
945 4023 962 4078 l.
980 4039 1004 4078 c.
1023 4013 1050 4094 p.
1070 4027 1128 4080 219.
1146 4024 1218 4078 bene

131 4104 212 4160 ocuit.
