3070 4962
614 425 653 487 73

93 604 163 670 salto
189 605 230 669 de
256 605 515 670 Bacchanalibus
552 603 689 692 aliisque
719 603 864 692 reliquiis
894 607 1015 694 optime
1045 607 1189 692 intellegi

91 713 191 792 potest.
237 704 330 786 Quae
353 727 450 792 quum
471 705 519 769 ita
535 706 608 788 sint,
630 727 694 770 non
717 703 870 770 audiendi
893 713 966 770 sunt
988 707 1189 790 quiaillud,
1277 773 1285 778 ,

91 807 167 892 cujus
199 806 324 892 primus
354 805 549 870 mentionem
571 805 648 870 fecit
670 803 889 885 Quintilianus
911 805 941 886 Ι,
965 812 1000 884 7,
1026 811 1072 888 12,
1095 829 1190 892 para-

90 906 228 990 gogicum
258 905 325 969 sive
362 903 617 991 ephelcysticum
652 927 724 969 esse
757 913 896 970 censent.
940 903 1076 992 Antiqui
1103 895 1190 971 illius

90 1003 214 1069 ablativi
238 1001 388 1091 exempla
410 1025 483 1067 cum
508 1013 540 1067 et
560 1003 594 1068 in
610 1003 764 1070 Oorsseni
785 1003 978 1068 Mommseni
994 1002 1191 1070 Schleicheri

89 1103 214 1169 aliorum
234 1103 328 1168 libris
360 1111 392 1166 et
416 1101 451 1168 in
473 1101 621 1191 Corpore
641 1104 896 1190 Inscriptionum
924 1103 1113 1168 Latinarum
1144 1106 1190 1170 in-

89 1205 249 1267 veniantur
271 1201 324 1266 hic
350 1211 499 1289 repetere
527 1204 625 1290 piget.
669 1202 743 1268 Hoc
771 1225 869 1267 unum
891 1225 955 1268 non
977 1213 1026 1268 est
1048 1213 1192 1290 praeter·

89 1301 217 1366 eundum
240 1325 260 1366 a
285 1323 447 1366 veronen
464 1301 570 1367 videri
591 1302 762 1367 aberrasse
780 1325 851 1386 eos,
875 1305 929 1390 qui
945 1325 1017 1368 cum
1032 1325 1073 1367 ex
1094 1302 1192 1369 rebus

89 1401 150 1466 aliis
161 1411 230 1465 tum
242 1423 283 1465 ex
307 1400 526 1484 „facilumed“
541 1401 628 1486 quod
646 1411 695 1466 est
716 1403 750 1466 in
766 1401 827 1468 SC.
844 1401 883 1466 de
896 1401 1056 1466 Bacchan.
1078 1402 1192 1467 adver·

88 1499 134 1564 hia
153 1523 281 1588 quoque
303 1501 412 1566 omnia
430 1503 464 1565 in
476 1507 525 1563 -t
545 1499 697 1566 cadentia
725 1499 887 1566 ablativos
916 1523 987 1566 esse
1015 1503 1192 1586 coniciant3

73 1624 180 1689 neque
203 1602 288 1666 enim
309 1600 430 1688 Boppii
450 1602 485 1664 in
506 1601 547 1665 iis
568 1602 688 1666 veteris
707 1599 839 1666 locativi
860 1602 999 1686 vestigia
1013 1603 1119 1668 inesse
1141 1626 1191 1668 ar·

90 1691 229 1768 hitrantie
241 1703 264 1778 7)
285 1699 360 1764 licet
378 1701 575 1786 gravissima
589 1700 782 1764 auctoritate
793 1699 939 1764 deterriti
958 1700 1193 1789 adjectivorum

90 1801 117 1864 in
139 1823 190 1862 ·ue
212 1804 288 1878 (·e'r)
303 1825 342 1862 -a
354 1824 419 1862 -om
441 1801 682 1865 terminantium
696 1799 917 1864 characterem
936 1823 953 1862 o
972 1800 1194 1866 demonstrant

90 1899 126 1963 ad
149 1899 333 1986 fingendum
362 1899 553 1965 adverbium
588 1909 743 1987 tanquam
771 1898 917 1964 vocalem
945 1901 1192 1986 conjungentem

90 2000 257 2064 adscivisse
279 1999 420 2076 litteram
443 2004 455 2061 i
474 2001 538 2077 (vel
550 2007 592 2083 e)3
613 1999 690 2082 inde
712 2007 818 2064 ortum
830 1999 1057 2090 esseprimum
1071 2035 1088 2047 -
1103 2007 1131 2062 oi
1143 2035 1161 2048 -
1173 2014 1192 2082 t,

90 2097 196 2164 deinde
230 2101 328 2164 certis
369 2097 562 2186 quibusdam
596 2098 723 2184 legibus,
758 2095 888 2162 aliunde
922 2099 1055 2163 sancitis
1070 2135 1087 2146 -
1100 2103 1127 2161 ei
1139 2136 1156 2147 -
1172 2113 1192 2182 t,

90 2201 143 2260 -i-
156 2206 182 2281 d,
193 2235 211 2248 -
222 2223 237 2261 e
248 2204 305 2281 -d,
319 2197 456 2284 denique
469 2197 607 2284 expulsa
621 2197 757 2262 ablativi
770 2206 848 2262 nota
860 2233 877 2244 -
891 2203 921 2260 t:
935 2197 1059 2280 doctus,
1075 2197 1192 2282 docto,

92 2298 243 2382 domni-t,
267 2297 428 2379 doctei-t,
451 2296 603 2375 docti-d,
627 2297 789 2377 docte-d,
813 2295 951 2373 doctdb.
994 2297 1095 2385 Cujus
1117 2322 1192 2368 anc-

90 2397 195 2462 meliae
216 2420 349 2463 causam
372 2398 540 2481 quaerenti
561 2395 637 2460 mihi
666 2419 730 2462 non
751 2395 882 2461 dubium
906 2407 954 2462 est
976 2399 1193 2483 quinLatini,

92 2507 121 2561 ut
140 2491 259 2586 aliquid
283 2497 324 2562 sit
347 2520 408 2586 quo
431 2499 515 2562 inter
536 2520 571 2582 se
592 2496 743 2562 differant
770 2494 923 2585 adjectivi
949 2497 1053 2563 forma
1081 2499 1193 2565 adver·

93 2596 178 2662 bialis
198 2607 231 2662 et
251 2597 433 2680 nominalis,
455 2599 551 2664 varia
562 2596 620 2662 illa
634 2597 686 2662 usi
701 2598 766 2661 sint
780 2599 914 2662 ratione.
957 2598 1193 2683 Nonnunquam
1232 2645 1235 2650 -

94 2695 155 2762 fieri
175 2707 209 2763 ut
224 2703 260 2759 -t
280 2695 361 2761 illud
385 2697 534 2784 primitus
557 2697 752 2786 productum
774 2697 868 2762 brevi
888 2696 991 2780 cedat,
1012 2720 1077 2764 non
1097 2700 1194 2763 mira-

93 2793 187 2860 bimur
209 2819 369 2862 memores
381 2819 477 2884 quam
490 2808 708 2886 quantamque
721 2798 790 2862 vim
803 2805 977 2862 exerceant
996 2805 1028 2862 et
1042 2798 1192 2886 frequens

92 2918 175 2978 usus,
206 2919 301 2982 quem
322 2905 497 2984 tyrannum
525 2919 595 2963 esse
618 2897 652 2962 in
673 2896 855 2984 proverbio*
868 2906 917 2962 est
938 2901 1034 2980 (tent,
1055 2903 1141 2977 molt)
1164 2909 1195 2964 et

93 2993 170 3081 leges
191 2998 346 3061 metricae
361 3018 441 3080 quas
463 2998 570 3083 poetis
594 2996 645 3062 vel
665 2998 936 3083 ingeniosissimis
951 2997 1081 3062 vincula
1096 2999 1193 3066 inter·

15 3132 19 3144 ·
93 3095 159 3161 dum
179 3098 330 3186 injecisse
353 3095 511 3184 exemplis
535 3105 585 3161 sat
605 3095 713 3161 multis
736 3095 966 3183 comprobatur
978 3097 1011 3170 9).

165 3245 230 3312 Sed
254 3254 457 3312 revertamur
486 3245 529 3312 ad
559 3247 761 3314 Graecorum
787 3267 850 3320 -ως
876 3253 907 3310 et
935 3243 1103 3310 videamus
1133 3267 1196 3330 quo

92 3345 177 3414 modo
207 3369 241 3412 se
270 3347 446 3434 conjungat
468 3369 540 3414 cum
567 3348 727 3414 thematis.
767 3346 874 3434 Atque
901 3344 1051 3410 thematis
1080 3367 1196 3432 pronc-

91 3446 203 3514 minum
225 3447 429 3534 quorundam
451 3455 484 3512 e't
504 3470 616 3514 earum
637 3469 753 3515 vocum
772 3469 854 3532 quae
875 3445 927 3512 vel
940 3444 1103 3534 adjectiva
1122 3454 1196 3510 sunt

91 3619 170 3630 »ιι-..ιι
176 3623 203 3632 κη
211 3619 290 3630 -οιν--Ἂ

151 3757 175 3824 7)
193 3754 320 3812 Gramm'
332 3755 383 3814 lll.
402 3770 431 3824 p.
448 3750 541 3806 478**.

154 3839 178 3907 8)
195 3840 258 3898 Vid.
276 3839 309 3898 G.
329 3838 440 3895 Curtius
459 3835 502 3904 De
525 3834 666 3890 nominum
683 3830 782 3889 Graec.
811 3829 889 3888 form.
911 3850 940 3906 P:
963 3833 1003 3884 26.
1039 3825 1196 3883 Schleicher

91 3919 281 3993 compendium
302 3927 344 3996 ²p.
368 3925 417 3978 253
441 3924 497 3975 not.
522 3923 544 3974 2.
584 3919 701 3973 Corssen
727 3917 820 3974 Ueber
842 3915 1007 3985 aussprache
1029 3913 1197 3968 vokalismus

91 4005 145 4058 und
160 4007 302 4080 betonung
320 4007 369 4062 der
389 4003 484 4060 latein.
504 4021 557 4074 spr.
576 4003 595 4056 Ι.
615 4019 640 4072 p.
660 4005 716 4058 335.

154 4093 178 4158 9)
196 4091 258 4148 vie.
294 4091 412 4148 Corssen
430 4088 524 4146 Ueber
541 4087 707 4157 aussprache
725 4087 741 4142 l.
760 4087 778 4141 l.

1213 423 1217 436 Ι
