3088 4966
858 373 919 434 noa
1011 454 1016 466 Ι

371 553 454 620 Phil.
476 559 554 620 369:
578 541 606 615 oi
627 544 759 635 σχέτλι’,
781 540 1049 636 ἧτολμήσατ’
1074 541 1147 613 ἀπ’
1171 545 1255 631 ἐμοῦ
1275 573 1389 617 τινι...

257 707 260 712 .
376 653 431 718 Tr.
455 657 527 718 772:
551 646 699 714 ἐνταῦθα
720 647 759 736 δὴ
779 648 905 734 βόησε
925 646 984 716 τὸν
1006 642 1211 731 δυςδαίμονα
1233 659 1305 726 otta

332 776 396 818 non
418 753 502 818 enirn
525 753 559 816 in
580 752 765 816 nuntiorum
787 773 935 836 persona,
961 749 1021 814 sod
1040 749 1075 814 in
1094 751 1241 836 ipsarum
1262 749 1440 834 longiorum
1519 807 1520 812 ,

333 853 555 918 narrationum
574 859 692 914 natura
706 850 814 935 posita
828 849 1081 914 estHomerioae
1093 849 1248 915 orationis
1259 848 1441 914 similitudo.

415 949 485 1014 Iam
515 951 543 1015 si
566 956 692 1013 constat
712 970 818 1036 neque
849 971 1059 1013 numerorum
1090 969 1161 1012 asse
1197 946 1282 1012 hano
1314 949 1349 1012 iu
1380 971 1441 1012 rem
1519 987 1520 990 =

333 1049 431 1116 ullam
454 1049 523 1113 vim
538 1037 636 1132 atque
659 1049 885 1112 auctoritatem
901 1085 941 1096 -
957 1045 1100 1114 vidimus
1115 1047 1201 1112 enim
1217 1067 1442 1134 nonnunquam

335 1171 393 1234 per
408 1150 503 1213 metri
517 1149 676 1213 rationem
691 1156 899 1232 augmentum
913 1147 1011 1212 licere
1022 1147 1202 1227 restituere,
1225 1154 1260 1210 ut
1271 1145 1345 1212 ΟΒ.
1364 1151 1441 1213 1249.

334 1241 453 1326 ἕγοᾶτο
475 1248 509 1311 in
530 1269 660 1311 versum
682 1246 764 1310 bane
786 1232 1020 1330 quadraturam
1043 1253 1122 1326 erat,
1141 1281 1181 1292 -
1202 1267 1308 1332 neque
1330 1247 1366 1310 in
1387 1247 1442 1308 sin·

333 1344 419 1429 gulis
439 1345 504 1410 illis
524 1345 636 1410 verbis
668 1367 753 1430 quaa
779 1355 951 1431 augmento
982 1353 1095 1410 carent
1117 1343 1330 1429 'singularem
1353 1367 1443 1430 quan·

336 1442 410 1508 dam
433 1445 523 1508 cerni
543 1445 755 1530 gravitatem,
777 1481 819 1490 -
847 1467 923 1508 narn
945 1445 1006 1510 etsi
1034 1465 1140 1530 pauea
1161 1442 1326 1508 eiusmodi
1347 1443 1442 1507 verba

333 1565 399 1608 non
421 1544 491 1609 sine
511 1545 625 1630 aliqua
644 1545 678 1607 vi
698 1543 733 1606 in
755 1545 854 1609 totius
874 1544 1052 1608 sententiae
1073 1541 1168 1608 initio
1188 1541 1442 1623 collocatarum,

335 1651 369 1705 ut
391 1641 448 1708 Tr.
472 1649 541 1712 904.
573 1643 733 1727 βρυχᾶτο,
766 1665 831 1707 non
859 1664 966 1727 pauca
986 1641 1194 1706 inveniuntur
1220 1641 1253 1704 in
1277 1664 1366 1728 quae
1388 1641 1445 1705 tale

336 1739 513 1825 quidquam
533 1739 621 1814 nullo
643 1749 739 1828 paeto
756 1740 862 1823 eadat,
883 1749 918 1805 ut
932 1740 988 1806 Tr.
1004 1745 1073 1807 915.
1097 1733 1278 1826 morianna:
1302 1741 1339 1804 in
1360 1743 1444 1826 epiro

336 1837 451 1904 harum
478 1844 703 1908 narrationum
731 1840 839 1908 colore
866 1838 1150 1926 requiescendum,
1182 1840 1383 1926 spinosiores
1404 1839 1444 1902 di·

338 1939 526 2006 stinctiones
547 1951 579 2007 at
601 1941 804 2007 definitiones
824 1938 999 2004 mittendas
1021 1961 1092 2004 essa
1112 1961 1291 2005 oensemus.
1302 1940 1360 2014 185)

422 2039 535 2127 Longe
559 2041 625 2106 alia
656 2050 706 2106 eat
733 2039 898 2126 augmenti
927 2059 1044 2103 caussa
1071 2047 1103 2102 et
1125 2038 1272 2104 condicio
1303 2039 1340 2104 in
1362 2061 1443 2104 oan-

337 2137 448 2201 tiois:
481 2141 515 2204 in
541 2140 592 2206 his
625 2139 748 2204 seilicet
778 2157 842 2202 non
869 2137 964 2226 apina
995 2137 1155 2224 quaedam
1187 2128 1377 2226 quaerendo
1402 2146 1443 2202 est

339 2235 530 2321 similitudo,
563 2236 620 2304 aad
642 2240 816 2304 universae
837 2237 946 2324 poesis
967 2236 1092 2324 lyricae
1114 2237 1325 2304 consuetudo.
1345 2273 1352 2284 ·
1370 2236 1442 2302 Sunt

338 2343 447 2400 autem
469 2335 551 2404 haao
570 2338 690 2404 verba:
902 2369 907 2376 ·

312 2522 315 2526 ,
379 2433 495 2502 Aesoh.
530 2437 638 2504 Prom.
669 2444 737 2506 135.
763 2430 887 2520 σύθηνς
919 2435 1009 2524 Sept
1043 2441 1112 2504 775.
1137 2428 1223 2510 τίονς
1254 2434 1349 2501 Pers.
1380 2439 1440 2502 675.

338 2526 533 2620 περίβαλες;
555 2536 617 2622 Ag.
641 2542 709 2604 231.
731 2529 874 2620 modurn
895 2534 956 2621 Ag.
982 2539 1069 2602 1553.
1093 2527 1263 2611 κάππεσε,
1283 2527 1442 2611 savinam

341 2627 421 2716 Sup-
455 2639 525 2702 581.
557 2628 696 2718 γείνατο,
728 2645 769 2684 -’-
800 2634 901 2722 Soph.
930 2633 983 2700 Αἰ.
1014 2639 1102 2702 1193.
1137 2625 1330 2719 οφελε,181)
1365 2637 1441 2699 1201.

340 2729 463 2814 aristam
492 2732 543 2800 EL
569 2741 636 2800 147.
666 2725 802 2816 ἄραρεν,
836 2734 976 2799 aoristus
1003 2754 1045 2796 ex
1066 2734 1160 2820 apina
1181 2742 1213 2798 at
1233 2732 1343 2820 lyrica
1363 2732 1442 2820 poesi

344 2828 539 2916 translatus,
562 2834 600 2899 of.
625 2829 687 2900 03.
712 2831 741 2910 δ,
766 2840 841 2916 777;
866 2831 1021 2898 Simonid.
1044 2839 1093 2914 41,
1116 2835 1174 2912 [18]
1197 2837 1226 2898 3.
1243 2869 1284 2916 ,-
1308 2833 1359 2899 El.
1381 2837 1441 2899 205.

338 2918 407 3002 ἴδες
420 2929 475 3007 ¹⁸⁷)
493 2930 561 2998 00.
581 2925 950 3019 1131.πλάγχ8η;11ι11.
968 2935 1036 2999 134.
1057 2925 1155 3015 aiom
1170 2938 1240 3000 600.
1254 2925 1441 3010 stratuum
1519 2941 1520 2950 ’

341 3031 410 3094 826.
434 3022 596 3111 &danuam
618 3038 689 3101 950.
710 3026 917 3113 romariorum
939 3035 1009 3099 963.
1030 3022 1193 3114 warinum
1214 3029 1253 3100 fr,
1273 3035 1346 3098 491.
1368 3026 1441 3111 βλα-

344 3119 535 3210 στάνεσκεν;
569 3133 603 3196 in
630 3132 741 3198 verbis
769 3132 929 3197 iterativis
963 3129 1084 3196 scilieet
1112 3131 1177 3200 iam
1197 3129 1364 3196 Homerus
1384 3127 1441 3192 fere

260 3308 264 3314 ,
344 3250 472 3314 semper
504 3232 623 3296 omittit
649 3241 865 3317 augmentum.
887 3265 929 3278 «-
960 3228 1036 3296 Ant.
1059 3233 1129 3294 955.
1152 3222 1290 3313 {ainaim
1304 3228 1361 3308 189)
1381 3230 1439 3296 980.

393 3548 450 3612 186)
469 3543 510 3600 cf.
530 3543 645 3600 Godofr.
663 3545 816 3610 Hermanni
838 3543 926 3616 praei.
945 3544 981 3599 ad
999 3537 1064 3599 Eur.
1082 3543 1184 3600 Bacch.
1204 3562 1230 3615 p.
1248 3543 1299 3600 XI.
1319 3543 1439 3599 Mourisa

340 3627 463 3684 Gramm.
481 3626 529 3684 Gr.
549 3628 571 3698 Ι,
588 3647 616 3700 p.
641 3633 758 3701 293sqq.

394 3715 451 3778 186)
471 3711 512 3766 Ex
530 3713 624 3768 antist.
644 3718 761 3784 apparet
778 3713 878 3768 falsam
895 3728 955 3768 esso
972 3712 1108 3788 librorum
1126 3712 1291 3784 scripturam
1310 3713 1403 3784 ὤφελε.

395 3799 453 3864 181)
471 3795 606 3850 Brunokii
624 3797 783 3852 coniectura
799 3814 849 3868 pro
868 3797 932 3852 εἶδε.

394 3883 451 3948 188)
469 3878 514 3934 sio
531 3880 641 3952 scripsit
657 3879 831 3936 Dindorfius:
851 3878 866 3936 ὃ
885 3888 991 3947 τέτατο,
1011 3896 1060 3950 pro
1079 3880 1204 3936 codicum
1222 3881 1342 3935 ἔτέτατο.
1519 3913 1520 3966 t

396 3966 454 4030 189)
472 3963 690 4036 Adiungendum
713 3968 768 4032 est,
797 3965 821 4019 si
840 3981 907 4020 vara
931 3969 973 4019 est
989 3962 1076 4022 Ourtii
1100 3964 1260 4020 coniectura
1282 3963 1326 4034 (af.
1344 3981 1369 4036 p.
1386 3959 1435 4023 25⁷)
1519 3975 1520 4018 1

340 4047 407 4103 Ant.
427 4051 485 4104 913.
504 4045 662 4120 simiasira
