3034 4964
644 471 681 533 91

170 657 201 718 3.
222 649 342 716 Mirum
363 663 480 716 nomen
500 651 618 737 legitur
639 651 673 716 in
694 671 824 716 nummo
845 647 989 714 thaioo
1012 642 1101 730 apud
1115 640 1218 704 Mion·
1285 705 1288 712 ,

101 759 162 814 net
185 748 291 836 suppl.
312 747 368 814 IV.
394 755 440 816 18.
465 755 522 817 103
544 744 729 826 Χινασὲας,
754 771 837 838 quae
857 751 963 814 somna
983 746 1052 810 eine
1075 739 1141 806 ullo
1162 736 1218 802 du·

102 848 267 914 bitatione
297 848 333 912 in
358 848 509 914 Passovii
544 849 673 914 lexicon
705 859 837 937 reoepta
867 857 923 913 est.
973 843 1054 909 Mihi
1088 836 1219 928 quidem

101 941 277 1023 Κινασέας
297 946 332 1012 id
353 957 402 1012 est
415 948 538 1012 Dorioe
560 971 620 1036 pro
644 942 805 1032 Κινησίας
825 949 877 1026 (of.
891 939 1046 1018 Μνασέας
1063 975 1105 988 -
1120 941 1218 1002 Μνα-

101 1040 201 1126 σέας,
229 1038 375 1122 Ἀντέας
395 1083 436 1094 -
454 1038 610 1130 Ἀντίας,
634 1041 791 1123 Καλλιέας
812 1083 852 1096 --
875 1038 1026 1118 Καλλίας
1048 1047 1081 1106 et
1101 1035 1219 1103 similia

102 1143 200 1234 apud
221 1143 306 1229 Keil,
327 1143 445 1213 annali.
468 1149 570 1234 epigr.
592 1151 666 1234 pa'g.
683 1155 731 1229 71,
755 1152 786 1224 2)
807 1143 1029 1233 recipiendum
1049 1137 1151 1204 fuisse
1171 1137 1218 1206 vi·

101 1245 211 1311 detur.
256 1243 354 1326 Quod
370 1267 448 1311 vero
472 1246 514 1311 ad
534 1245 691 1312 Doricum
714 1267 736 1308 α
755 1269 815 1332 pro
837 1269 857 1332 η
879 1245 1008 1326 attinet,
1038 1238 1218 1304 Ahrensiuu

101 1343 161 1420 <de
181 1344 270 1410 Dial.
295 1344 375 1412 Dor.
401 1351 571 1429 147-49),
606 1349 633 1410 si
660 1346 745 1411 hano
774 1345 913 1410 formam
940 1343 1101 1422 novisset,
1132 1342 1219 1404 odrto

101 1465 173 1508 non
195 1437 324 1519 κίνασις
342 1446 382 1510 in
398 1443 575 1510 embaterio
589 1446 762 1528 Laoonioo,
786 1444 872 1530 quod
888 1443 1031 1530 Tyrtaoo
1053 1437 1220 1506 asoribunt

101 1542 158 1617 (cf.
183 1542 312 1628 Bergk,
347 1552 432 1630 poelt.
461 1543 521 1630 lyr.
544 1544 593 1610 ed.
624 1547 700 1612 min.
727 1545 843 1630 fragm.
869 1547 933 1627 16),
966 1539 1218 1629 hyperdorioum

101 1663 180 1706 esse
198 1641 385 1708 iudicasset.
428 1697 431 1703 .

85 1761 88 1768 ’
169 1747 198 1806 4.
236 1740 274 1805 In
316 1741 474 1828 amphora
509 1741 627 1810 Clitiae
660 1753 691 1809 et
725 1742 942 1830 Ergetimi²³)
975 1739 1134 1828 seriptum
1170 1747 1219 1803 est

102 1840 333 1905 ΑΝΤΑΙΟΣ
349 1863 410 1928 pro
427 1833 588 1924 Ἀγκαῖος.
632 1842 714 1908 Cum
746 1854 823 1907 v'ero
854 1843 889 1906 in
921 1839 1035 1905 eadem
1061 1838 1223 1926 amphora

101 1963 225 2007 nomen
239 1939 399 2006 'Pheraeis
425 1941 607 2005 ΘΟΡΑΤΣ
625 1943 697 2020 (sio)
720 1943 876 2028 seriptum
899 1940 941 2004 sit
963 1940 1218 2028 saepissimeque

107 2045 140 2104 T
167 2050 200 2106 et
226 2043 266 2122 -1-
297 2050 431 2127 propter
460 2042 585 2106 formae
619 2039 862 2106 similitudinem
896 2038 1135 2104 confundantur
1164 2037 1217 2114 (of.

100 2140 237 2206 Ahrens
263 2141 298 2204 in
324 2139 407 2208 Mus.
429 2139 529 2205 Rhen.
553 2146 601 2205 17.
627 2143 697 2207 303.
728 2139 801 2205 adn.
824 2143 880 2222 21,
910 2139 1109 2202 NA111=
1129 2131 1222 2216 ναιχί

101 2239 288 2324 Catalogue
327 2239 359 2305 of
395 2261 491 2305 vases
523 2248 581 2304 eto.
622 2259 654 2306 n.
687 2243 747 2307 830
787 2238 1099 2320 1-ΗΛΕΜΛΧοΣ
1129 2237 1218 2324 apud

102 2337 261 2404 Gerhard
283 2347 315 2404 et
336 2340 505 2422 Panofka,
527 2337 669 2425 Neapels
691 2339 802 2403 antike
822 2337 936 2402 Bildw.
964 2343 1049 2416 1347,
1068 2331 1218 2423 τρήματα

101 2463 167 2528 pro
187 2432 337 2526 χρήματα
359 2438 447 2526 apud
467 2437 625 2524 Rangabe
651 2461 681 2504 n.
705 2445 800 2522 2205,
829 2433 1039 2518 Παρμὲνιτσς
1058 2467 1101 2491 =
1121 2439 1217 2521 Παρ-

98 2535 241 2628 μένιχος
261 2541 296 2604 in
315 2547 446 2604 nummo
468 2537 556 2625 apud
576 2537 730 2620 Mionnet,
754 2538 857 2626 suppl.
875 2539 929 2604 VI.
944 2543 985 2621 8),
1007 2560 1073 2603 non
1095 2537 1217 2621 dubito,

100 2641 185 2728 quin
204 2639 267 2705 hoo
288 2638 359 2704 looo
376 2630 542 2720 Ἀγχαῖας
562 2659 622 2723 pro
643 2629 800 2720 Ἀγκαῖος
821 2640 979 2726 seriptum
1001 2640 1050 2702 sit.
1152 2663 1155 2672 ’

167 2745 197 2804 5.
232 2737 273 2801 In
301 2735 437 2803 vasouio
465 2743 526 2805 850
554 2736 704 2822 Catalogi
734 2737 840 2802 Musei
867 2737 1047 2803 Britannici
1080 2736 1218 2802 habetur

98 2860 223 2904 nomen
253 2838 347 2902 virile
373 2837 518 2920 Ι-Ι-ΙΑΣ
544 2837 710 2924 seriptum.
752 2836 914 2925 Equidem
941 2830 1091 2924 [Ν]ικίας
1116 2836 1218 2902 latere

100 2959 264 3024 susploor.
841 2955 844 2960 ·

166 3041 197 3103 6.
220 3029 360 3114 Πύχνων
379 3035 497 3122 legitur
520 3035 556 3101 G.
571 3036 597 3102 Ι.
613 3035 672 3101 Gr.
698 3042 786 3118 1207,
809 3055 907 3123 quam
921 3035 1058 3100 formam
1079 3033 1217 3100 Κασσιε-

97 3135 192 3200 lerus
218 3135 252 3198 in
280 3133 409 3200 lexioon
437 3135 587 3201 Passovii
619 3145 651 3199 et
674 3133 868 3199 Benselerus
897 3135 930 3198 in
958 3135 1021 3200 lex.
1052 3136 1216 3202 nominum
1310 3207 1315 3214 ,

98 3255 219 3324 propr.
242 3233 369 3317 Graec,
393 3255 589 3322 quamquam
611 3233 664 3298 hio
686 3233 887 3316 dubitanter,
906 3242 1106 3319 receperunt.
1143 3233 1217 3299 Non

98 3333 235 3416 dubito,
265 3335 342 3420 quin
364 3328 505 3396 Πύκνων
526 3339 559 3409 (ιι
579 3328 713 3409 πυκνός)
734 3332 978 3419 intelligendum
999 3335 1048 3398 su.

167 3439 197 3500 7.
220 3426 378 3518 Διονίχης
398 3431 515 3518 legitur
533 3434 567 3496 in
589 3433 710 3500 lamina
723 3433 872 3498 Euboica
893 3434 945 3509 (of.
962 3433 1130 3499 Benseleri
1151 3434 1215 3499 lex.

39 3575 53 3604 .
97 3557 122 3600 s.
148 3537 202 3609 ν.)
244 3531 343 3597 Haud
365 3531 463 3596 dubie
482 3533 639 3618 Δισνίκης
659 3533 712 3610 (oi.
733 3527 894 3607 Διόνικος
916 3533 1009 3621 apud
1024 3531 1216 3609 Lucianum)

41 3623 46 3634 ¹
95 3630 349 3716 intelligendum
372 3641 428 3696 est.

163 3736 192 3798 8.
218 3729 257 3794 In
276 3749 407 3795 nummo
427 3730 589 3798 Phocaico
611 3731 699 3820 apud
720 3733 865 3797 Mionnet
887 3706 945 3797 ΠΙ.
972 3737 1028 3798 177
1059 3731 1216 3817 seriptum

97 3841 151 3896 est
173 3851 292 3895 nomen
318 3829 414 3895 virile
436 3826 639 3917 Χαρνείδης,
671 3831 756 3918 quod
777 3831 903 3896 Keilius
931 3833 1000 3896 sine
1028 3829 1095 3896 ulla
1122 3829 1215 3896 dubi-

151 4067 195 4131 23)
218 4059 259 4117 ef.
287 4061 377 4130 Jahn,
401 4031 571 4134 Besohreibg
595 4069 646 4119 eto.
667 4061 796 4138 Einleitg.
822 4081 884 4136 pag.
910 4061 1006 4120 CLIV.
1030 4063 1113 4120 Anm.
1141 4067 1215 4136 1082,

97 4148 200 4205 Brunn
217 4145 445 4220 Kiinstlorgeseh.
462 4147 499 4202 Π.
519 4166 545 4222 p.
560 4152 616 4203 676.
