<?xml version="1.0" encoding="UTF-8"?>
<!DOCTYPE html PUBLIC "-//W3C//DTD XHTML 1.0 Transitional//EN"
    "http://www.w3.org/TR/xhtml1/DTD/xhtml1-transitional.dtd">
<html xmlns="http://www.w3.org/1999/xhtml" xml:lang="en" lang="en">
 <head>
  <title>
</title>
<meta http-equiv="Content-Type" content="text/html;charset=utf-8" />
  <meta name='ocr-system' content='tesseract 3.04.00' />
  <meta name='ocr-capabilities' content='ocr_page ocr_carea ocr_par ocr_line ocrx_word'/>
</head>
<body>
  <div class='ocr_page' id='page_1' title='image "./studienzurgriec00vanigoog_0058.png"; bbox 0 0 3148 4958; ppageno 0'>
   <div class='ocr_carea' id='block_1_1' title="bbox 807 435 980 524">
    <p class='ocr_par' dir='ltr' id='par_1_1' title="bbox 807 435 980 524">
     <span class='ocr_line' id='line_1_1' title="bbox 807 435 980 524; baseline 0.012 -2"><span class='ocrx_word' id='word_1_1' title='bbox 807 435 980 524; x_wconf 57' lang='grc' dir='ltr'><strong>,ἒὲ-</strong></span> 
     </span>
    </p>
   </div>
   <div class='ocr_carea' id='block_1_2' title="bbox 407 605 1293 698">
    <p class='ocr_par' dir='ltr' id='par_1_2' title="bbox 407 605 1293 698">
     <span class='ocr_line' id='line_1_2' title="bbox 407 605 1293 698; baseline -0.002 -22"><span class='ocrx_word' id='word_1_2' title='bbox 407 607 525 698; x_wconf 77' lang='grc' dir='ltr'><em>Τόφρα</em></span> <span class='ocrx_word' id='word_1_3' title='bbox 546 609 583 676; x_wconf 78' lang='grc' dir='ltr'><strong>δὲ</strong></span> <span class='ocrx_word' id='word_1_4' title='bbox 603 616 648 696; x_wconf 74' lang='grc' dir='ltr'><strong>τῷ</strong></span> <span class='ocrx_word' id='word_1_5' title='bbox 671 607 825 697; x_wconf 76' lang='grc' dir='ltr'><em>ἐπόρουσε</em></span> <span class='ocrx_word' id='word_1_6' title='bbox 847 606 973 697; x_wconf 78' lang='grc' dir='ltr'><em>Δόλοψ</em></span> <span class='ocrx_word' id='word_1_7' title='bbox 995 607 1114 696; x_wconf 80' lang='grc' dir='ltr'><em>αἰχμῆς</em></span> <span class='ocrx_word' id='word_1_8' title='bbox 1135 607 1171 675; x_wconf 76' lang='grc' dir='ltr'><strong>ἐὺ</strong></span> <span class='ocrx_word' id='word_1_9' title='bbox 1194 605 1293 688; x_wconf 78' lang='grc' dir='ltr'><em>εἰδώς</em></span> 
     </span>
    </p>
   </div>
   <div class='ocr_carea' id='block_1_3' title="bbox 303 704 1510 3790">
    <p class='ocr_par' dir='ltr' id='par_1_3' title="bbox 402 704 1135 798">
     <span class='ocr_line' id='line_1_3' title="bbox 402 704 1135 798; baseline 0 -22"><span class='ocrx_word' id='word_1_10' title='bbox 402 712 688 798; x_wconf 78' lang='grc' dir='ltr'><strong><em>Λαμπετίδης,</em></strong></span> <span class='ocrx_word' id='word_1_11' title='bbox 712 704 750 776; x_wconf 75' lang='grc' dir='ltr'><strong>ὃν</strong></span> <span class='ocrx_word' id='word_1_12' title='bbox 771 706 957 793; x_wconf 85' lang='grc' dir='ltr'><em>Λάμπος</em></span> <span class='ocrx_word' id='word_1_13' title='bbox 978 705 1135 796; x_wconf 71' lang='grc' dir='ltr'><em>ἐγείνατο.</em></span> 
     </span>
    </p>

    <p class='ocr_par' dir='ltr' id='par_1_4' title="bbox 303 809 1454 3290">
     <span class='ocr_line' id='line_1_4' title="bbox 320 809 1441 900; baseline -0.003 -23"><span class='ocrx_word' id='word_1_14' title='bbox 320 813 550 900; x_wconf 83' lang='lat' dir='ltr'><strong>inquirendum</strong></span> <span class='ocrx_word' id='word_1_15' title='bbox 583 814 682 897; x_wconf 84' lang='lat' dir='ltr'><strong>igitur</strong></span> <span class='ocrx_word' id='word_1_16' title='bbox 714 822 777 895; x_wconf 89' lang='lat' dir='ltr'><strong>est,</strong></span> <span class='ocrx_word' id='word_1_17' title='bbox 811 822 918 878; x_wconf 85' lang='lat' dir='ltr'><strong>utrum</strong></span> <span class='ocrx_word' id='word_1_18' title='bbox 957 835 989 876; x_wconf 85' lang='grc' dir='ltr'><strong>ιι</strong></span> <span class='ocrx_word' id='word_1_19' title='bbox 1022 810 1155 891; x_wconf 85' lang='lat' dir='ltr'><strong>suffixo,</strong></span> <span class='ocrx_word' id='word_1_20' title='bbox 1197 809 1284 898; x_wconf 91' lang='lat' dir='ltr'><strong>quod</strong></span> <span class='ocrx_word' id='word_1_21' title='bbox 1315 833 1357 876; x_wconf 88' lang='lat' dir='ltr'><strong>ex</strong></span> <span class='ocrx_word' id='word_1_22' title='bbox 1400 832 1441 874; x_wconf 86' lang='grc' dir='ltr'><strong>το</strong></span> 
     </span>
     <span class='ocr_line' id='line_1_5' title="bbox 321 909 1439 999; baseline -0.001 -23"><span class='ocrx_word' id='word_1_23' title='bbox 321 921 427 977; x_wconf 90' lang='lat' dir='ltr'><strong>ortum</strong></span> <span class='ocrx_word' id='word_1_24' title='bbox 458 935 529 976; x_wconf 90' lang='lat' dir='ltr'><strong>esse</strong></span> <span class='ocrx_word' id='word_1_25' title='bbox 558 911 827 978; x_wconf 90' lang='lat' dir='ltr'><strong>verisimillimum</strong></span> <span class='ocrx_word' id='word_1_26' title='bbox 857 923 922 996; x_wconf 91' lang='lat' dir='ltr'><strong>est,</strong></span> <span class='ocrx_word' id='word_1_27' title='bbox 952 911 1109 999; x_wconf 88' lang='lat' dir='ltr'><strong>primitivi</strong></span> <span class='ocrx_word' id='word_1_28' title='bbox 1130 909 1238 975; x_wconf 84' lang='lat' dir='ltr'><strong>thema</strong></span> <span class='ocrx_word' id='word_1_29' title='bbox 1260 910 1439 998; x_wconf 87' lang='lat' dir='ltr'><strong>amplifica-</strong></span> 
     </span>
     <span class='ocr_line' id='line_1_6' title="bbox 320 1001 1440 1095; baseline -0.003 -20"><span class='ocrx_word' id='word_1_30' title='bbox 320 1021 388 1076; x_wconf 92' lang='lat' dir='ltr'><strong>tum</strong></span> <span class='ocrx_word' id='word_1_31' title='bbox 419 1013 478 1091; x_wconf 88' lang='lat' dir='ltr'><strong>sit,</strong></span> <span class='ocrx_word' id='word_1_32' title='bbox 508 1035 549 1076; x_wconf 90' lang='lat' dir='ltr'><strong>an</strong></span> <span class='ocrx_word' id='word_1_33' title='bbox 568 1035 600 1074; x_wconf 87' lang='grc' dir='ltr'>τι</span> <span class='ocrx_word' id='word_1_34' title='bbox 631 1017 692 1089; x_wconf 80' lang='grc' dir='ltr'>(ιο)</span> <span class='ocrx_word' id='word_1_35' title='bbox 721 1013 900 1095; x_wconf 81' lang='lat' dir='ltr'>artissime,</span> <span class='ocrx_word' id='word_1_36' title='bbox 922 1023 958 1077; x_wconf 94' lang='lat' dir='ltr'><strong>ut</strong></span> <span class='ocrx_word' id='word_1_37' title='bbox 980 1035 1012 1075; x_wconf 93' lang='grc' dir='ltr'><strong>ιο</strong></span> <span class='ocrx_word' id='word_1_38' title='bbox 1035 1010 1187 1075; x_wconf 87' lang='lat' dir='ltr'><strong>suffixum</strong></span> <span class='ocrx_word' id='word_1_39' title='bbox 1208 1010 1242 1074; x_wconf 92' lang='lat' dir='ltr'><strong>in</strong></span> <span class='ocrx_word' id='word_1_40' title='bbox 1262 1001 1440 1092; x_wconf 74' lang='grc' dir='ltr'>Ἀχχισ-ιά-</span> 
     </span>
     <span class='ocr_line' id='line_1_7' title="bbox 303 1109 1439 1208; baseline 0 -34"><span class='ocrx_word' id='word_1_41' title='bbox 303 1111 395 1208; x_wconf 66' lang='grc' dir='ltr'><strong>άης,</strong></span> <span class='ocrx_word' id='word_1_42' title='bbox 429 1135 501 1176; x_wconf 89' lang='lat' dir='ltr'><strong>cum</strong></span> <span class='ocrx_word' id='word_1_43' title='bbox 537 1110 578 1174; x_wconf 82' lang='lat' dir='ltr'><strong>doc</strong></span> <span class='ocrx_word' id='word_1_44' title='bbox 607 1111 724 1176; x_wconf 86' lang='lat' dir='ltr'><strong>suffixo</strong></span> <span class='ocrx_word' id='word_1_45' title='bbox 754 1109 1014 1199; x_wconf 85' lang='lat' dir='ltr'><strong>conjungendum</strong></span> <span class='ocrx_word' id='word_1_46' title='bbox 1043 1111 1093 1175; x_wconf 86' lang='lat' dir='ltr'><strong>sit.</strong></span> <span class='ocrx_word' id='word_1_47' title='bbox 1115 1147 1154 1157; x_wconf 86' lang='lat'><em>-</em></span> <span class='ocrx_word' id='word_1_48' title='bbox 1177 1110 1298 1176; x_wconf 79' lang='lat' dir='ltr'>Poetae</span> <span class='ocrx_word' id='word_1_49' title='bbox 1330 1119 1439 1176; x_wconf 90' lang='lat' dir='ltr'><strong>autem</strong></span> 
     </span>
     <span class='ocr_line' id='line_1_8' title="bbox 321 1211 1439 1300; baseline -0.003 -23"><span class='ocrx_word' id='word_1_50' title='bbox 321 1215 432 1299; x_wconf 80' lang='lat' dir='ltr'><strong>graeci</strong></span> <span class='ocrx_word' id='word_1_51' title='bbox 454 1214 482 1276; x_wconf 91' lang='lat' dir='ltr'><strong>si</strong></span> <span class='ocrx_word' id='word_1_52' title='bbox 500 1221 602 1277; x_wconf 88' lang='lat' dir='ltr'><strong>metro</strong></span> <span class='ocrx_word' id='word_1_53' title='bbox 633 1211 846 1300; x_wconf 83' lang='lat' dir='ltr'><strong>obsequentes</strong></span> <span class='ocrx_word' id='word_1_54' title='bbox 869 1211 932 1277; x_wconf 96' lang='lat' dir='ltr'><strong>duo</strong></span> <span class='ocrx_word' id='word_1_55' title='bbox 953 1212 1037 1275; x_wconf 90' lang='lat' dir='ltr'><strong>inter</strong></span> <span class='ocrx_word' id='word_1_56' title='bbox 1060 1233 1094 1274; x_wconf 90' lang='lat' dir='ltr'><strong>se</strong></span> <span class='ocrx_word' id='word_1_57' title='bbox 1117 1212 1352 1298; x_wconf 85' lang='lat' dir='ltr'><strong>conjunxerunt</strong></span> <span class='ocrx_word' id='word_1_58' title='bbox 1372 1211 1439 1274; x_wconf 83' lang='lat' dir='ltr'><strong>sus-</strong></span> 
     </span>
     <span class='ocr_line' id='line_1_9' title="bbox 322 1309 1441 1398; baseline -0.004 -21"><span class='ocrx_word' id='word_1_59' title='bbox 322 1314 406 1392; x_wconf 86' lang='lat' dir='ltr'><strong>fixa,</strong></span> <span class='ocrx_word' id='word_1_60' title='bbox 431 1334 469 1376; x_wconf 92' lang='lat' dir='ltr'><strong>ea</strong></span> <span class='ocrx_word' id='word_1_61' title='bbox 491 1311 636 1398; x_wconf 89' lang='lat' dir='ltr'><strong>ejusdem</strong></span> <span class='ocrx_word' id='word_1_62' title='bbox 657 1311 710 1375; x_wconf 91' lang='lat' dir='ltr'><strong>vel</strong></span> <span class='ocrx_word' id='word_1_63' title='bbox 738 1310 853 1376; x_wconf 90' lang='lat' dir='ltr'><strong>similis</strong></span> <span class='ocrx_word' id='word_1_64' title='bbox 881 1312 1023 1376; x_wconf 88' lang='lat' dir='ltr'><strong>notionis</strong></span> <span class='ocrx_word' id='word_1_65' title='bbox 1051 1333 1122 1374; x_wconf 89' lang='lat' dir='ltr'><strong>esse</strong></span> <span class='ocrx_word' id='word_1_66' title='bbox 1151 1309 1311 1393; x_wconf 89' lang='lat' dir='ltr'><strong>vidimus,</strong></span> <span class='ocrx_word' id='word_1_67' title='bbox 1339 1319 1374 1374; x_wconf 92' lang='lat' dir='ltr'><strong>ut</strong></span> <span class='ocrx_word' id='word_1_68' title='bbox 1405 1331 1441 1372; x_wconf 89' lang='grc' dir='ltr'><strong>ιο</strong></span> 
     </span>
     <span class='ocr_line' id='line_1_10' title="bbox 323 1409 1442 1494; baseline -0.002 -18"><span class='ocrx_word' id='word_1_69' title='bbox 323 1421 355 1476; x_wconf 87' lang='lat' dir='ltr'><strong>et</strong></span> <span class='ocrx_word' id='word_1_70' title='bbox 383 1422 441 1493; x_wconf 80' lang='grc' dir='ltr'><strong>κο,</strong></span> <span class='ocrx_word' id='word_1_71' title='bbox 475 1432 507 1474; x_wconf 92' lang='grc' dir='ltr'><strong>ιο</strong></span> <span class='ocrx_word' id='word_1_72' title='bbox 529 1419 561 1475; x_wconf 86' lang='lat' dir='ltr'><strong>et</strong></span> <span class='ocrx_word' id='word_1_73' title='bbox 593 1410 636 1472; x_wconf 78' lang='lat' dir='ltr'><strong>du</strong></span> <span class='ocrx_word' id='word_1_74' title='bbox 666 1411 718 1487; x_wconf 88' lang='lat' dir='ltr'><strong>(ef.</strong></span> <span class='ocrx_word' id='word_1_75' title='bbox 738 1417 766 1494; x_wconf 70' lang='grc' dir='ltr'><strong>ξ.</strong></span> <span class='ocrx_word' id='word_1_76' title='bbox 787 1417 848 1488; x_wconf 78' lang='lat'>25).</span> <span class='ocrx_word' id='word_1_77' title='bbox 892 1409 957 1474; x_wconf 88' lang='lat' dir='ltr'><strong>Sed</strong></span> <span class='ocrx_word' id='word_1_78' title='bbox 986 1412 1019 1474; x_wconf 91' lang='lat' dir='ltr'><strong>in</strong></span> <span class='ocrx_word' id='word_1_79' title='bbox 1046 1431 1083 1472; x_wconf 81' lang='lat' dir='ltr'><strong>ro</strong></span> <span class='ocrx_word' id='word_1_80' title='bbox 1114 1409 1231 1474; x_wconf 85' lang='lat' dir='ltr'><strong>suffixo</strong></span> <span class='ocrx_word' id='word_1_81' title='bbox 1263 1431 1328 1474; x_wconf 89' lang='lat' dir='ltr'><strong>non</strong></span> <span class='ocrx_word' id='word_1_82' title='bbox 1355 1411 1442 1474; x_wconf 89' lang='lat' dir='ltr'><strong>inest</strong></span> 
     </span>
     <span class='ocr_line' id='line_1_11' title="bbox 322 1509 1441 1597; baseline -0.001 -23"><span class='ocrx_word' id='word_1_83' title='bbox 322 1511 508 1596; x_wconf 90' lang='lat' dir='ltr'><strong>possessiva</strong></span> <span class='ocrx_word' id='word_1_84' title='bbox 536 1509 654 1576; x_wconf 89' lang='lat' dir='ltr'><strong>nedum</strong></span> <span class='ocrx_word' id='word_1_85' title='bbox 675 1510 905 1596; x_wconf 85' lang='lat' dir='ltr'><strong>patronymica</strong></span> <span class='ocrx_word' id='word_1_86' title='bbox 926 1511 993 1574; x_wconf 91' lang='lat' dir='ltr'><strong>vis:</strong></span> <span class='ocrx_word' id='word_1_87' title='bbox 1026 1531 1128 1597; x_wconf 80' lang='lat' dir='ltr'><strong>quare</strong></span> <span class='ocrx_word' id='word_1_88' title='bbox 1156 1517 1192 1573; x_wconf 88' lang='lat' dir='ltr'><strong>ut</strong></span> <span class='ocrx_word' id='word_1_89' title='bbox 1215 1531 1288 1573; x_wconf 91' lang='lat' dir='ltr'><strong>oum</strong></span> <span class='ocrx_word' id='word_1_90' title='bbox 1310 1509 1351 1572; x_wconf 81' lang='lat' dir='ltr'><strong>da</strong></span> <span class='ocrx_word' id='word_1_91' title='bbox 1373 1509 1441 1573; x_wconf 86' lang='lat' dir='ltr'><strong>suf·</strong></span> 
     </span>
     <span class='ocr_line' id='line_1_12' title="bbox 320 1609 1440 1700; baseline 0.002 -28"><span class='ocrx_word' id='word_1_92' title='bbox 320 1609 387 1673; x_wconf 87' lang='lat' dir='ltr'><strong>fixo</strong></span> <span class='ocrx_word' id='word_1_93' title='bbox 408 1618 478 1673; x_wconf 84' lang='lat' dir='ltr'><strong>arte</strong></span> <span class='ocrx_word' id='word_1_94' title='bbox 511 1611 721 1700; x_wconf 83' lang='lat' dir='ltr'><strong>conjungam,</strong></span> <span class='ocrx_word' id='word_1_95' title='bbox 755 1609 834 1673; x_wconf 92' lang='lat' dir='ltr'><strong>mihi</strong></span> <span class='ocrx_word' id='word_1_96' title='bbox 865 1609 1064 1696; x_wconf 88' lang='lat' dir='ltr'><strong>persuadere</strong></span> <span class='ocrx_word' id='word_1_97' title='bbox 1087 1631 1151 1673; x_wconf 93' lang='lat' dir='ltr'><strong>non</strong></span> <span class='ocrx_word' id='word_1_98' title='bbox 1175 1631 1317 1696; x_wconf 88' lang='lat' dir='ltr'><strong>possum.</strong></span> <span class='ocrx_word' id='word_1_99' title='bbox 1360 1609 1440 1674; x_wconf 94' lang='lat' dir='ltr'><strong>Duo</strong></span> 
     </span>
     <span class='ocr_line' id='line_1_13' title="bbox 321 1708 1454 1794; baseline 0.001 -22"><span class='ocrx_word' id='word_1_100' title='bbox 321 1711 420 1794; x_wconf 83' lang='lat' dir='ltr'><strong>igitur</strong></span> <span class='ocrx_word' id='word_1_101' title='bbox 444 1709 601 1794; x_wconf 87' lang='lat' dir='ltr'><strong>primitivi</strong></span> <span class='ocrx_word' id='word_1_102' title='bbox 624 1708 768 1773; x_wconf 89' lang='lat' dir='ltr'><strong>themata</strong></span> <span class='ocrx_word' id='word_1_103' title='bbox 789 1710 921 1788; x_wconf 84' lang='grc' dir='ltr'><em>Λαμπο</em></span> <span class='ocrx_word' id='word_1_104' title='bbox 942 1717 974 1772; x_wconf 90' lang='lat' dir='ltr'><strong>et</strong></span> <span class='ocrx_word' id='word_1_105' title='bbox 995 1711 1163 1787; x_wconf 86' lang='grc' dir='ltr'><strong>Λαμπειο</strong></span> <span class='ocrx_word' id='word_1_106' title='bbox 1191 1713 1341 1793; x_wconf 91' lang='lat' dir='ltr'><strong>(quocum</strong></span> <span class='ocrx_word' id='word_1_107' title='bbox 1363 1710 1454 1775; x_wconf 73' lang='lat' dir='ltr'><strong>fem·</strong></span> 
     </span>
     <span class='ocr_line' id='line_1_14' title="bbox 322 1801 1441 1895; baseline 0.003 -25"><span class='ocrx_word' id='word_1_108' title='bbox 322 1801 489 1888; x_wconf 80' lang='grc' dir='ltr'><strong>Λαμπιτώ</strong></span> <span class='ocrx_word' id='word_1_109' title='bbox 533 1814 721 1894; x_wconf 86' lang='lat' dir='ltr'><strong>compares)</strong></span> <span class='ocrx_word' id='word_1_110' title='bbox 761 1807 952 1894; x_wconf 85' lang='lat' dir='ltr'><strong>accipienda</strong></span> <span class='ocrx_word' id='word_1_111' title='bbox 1000 1829 1071 1872; x_wconf 89' lang='lat' dir='ltr'><strong>esse</strong></span> <span class='ocrx_word' id='word_1_112' title='bbox 1104 1829 1229 1873; x_wconf 86' lang='lat' dir='ltr'><strong>censeo.</strong></span> <span class='ocrx_word' id='word_1_113' title='bbox 1294 1807 1332 1872; x_wconf 92' lang='lat' dir='ltr'><strong>In</strong></span> <span class='ocrx_word' id='word_1_114' title='bbox 1374 1829 1441 1895; x_wconf 90' lang='lat' dir='ltr'><strong>quo</strong></span> 
     </span>
     <span class='ocr_line' id='line_1_15' title="bbox 322 1907 1442 1994; baseline -0.002 -22"><span class='ocrx_word' id='word_1_115' title='bbox 322 1907 402 1972; x_wconf 90' lang='lat' dir='ltr'><strong>nihil</strong></span> <span class='ocrx_word' id='word_1_116' title='bbox 429 1907 614 1972; x_wconf 88' lang='lat' dir='ltr'><strong>offensionis</strong></span> <span class='ocrx_word' id='word_1_117' title='bbox 644 1909 742 1972; x_wconf 90' lang='lat' dir='ltr'><strong>inest:</strong></span> <span class='ocrx_word' id='word_1_118' title='bbox 780 1917 816 1972; x_wconf 85' lang='lat' dir='ltr'><strong>ut</strong></span> <span class='ocrx_word' id='word_1_119' title='bbox 848 1909 933 1972; x_wconf 90' lang='lat' dir='ltr'><strong>enim</strong></span> <span class='ocrx_word' id='word_1_120' title='bbox 962 1929 979 1971; x_wconf 92' lang='lat' dir='ltr'><strong>e</strong></span> <span class='ocrx_word' id='word_1_121' title='bbox 1013 1907 1180 1972; x_wconf 78' lang='lat' dir='ltr'>radicibus</span> <span class='ocrx_word' id='word_1_122' title='bbox 1209 1908 1290 1994; x_wconf 88' lang='lat' dir='ltr'><strong>ipsis</strong></span> <span class='ocrx_word' id='word_1_123' title='bbox 1323 1929 1381 1994; x_wconf 90' lang='lat' dir='ltr'><strong>per</strong></span> <span class='ocrx_word' id='word_1_124' title='bbox 1418 1931 1442 1970; x_wconf 91' lang='grc' dir='ltr'><em>α</em></span> 
     </span>
     <span class='ocr_line' id='line_1_16' title="bbox 323 2000 1441 2095; baseline 0 -24"><span class='ocrx_word' id='word_1_125' title='bbox 323 2006 475 2072; x_wconf 85' lang='lat' dir='ltr'><strong>suffixum</strong></span> <span class='ocrx_word' id='word_1_126' title='bbox 505 2007 667 2090; x_wconf 76' lang='lat' dir='ltr'><strong>vocabula</strong></span> <span class='ocrx_word' id='word_1_127' title='bbox 700 2007 905 2090; x_wconf 79' lang='lat' dir='ltr'><strong>derivantur,</strong></span> <span class='ocrx_word' id='word_1_128' title='bbox 939 2007 1048 2095; x_wconf 89' lang='lat' dir='ltr'><strong>qualia</strong></span> <span class='ocrx_word' id='word_1_129' title='bbox 1075 2000 1150 2087; x_wconf 80' lang='grc' dir='ltr'><em>βίος</em></span> <span class='ocrx_word' id='word_1_130' title='bbox 1177 2011 1267 2089; x_wconf 71' lang='grc' dir='ltr'>(χιιι),</span> <span class='ocrx_word' id='word_1_131' title='bbox 1301 2005 1441 2071; x_wconf 80' lang='lat' dir='ltr'><strong>A-Ftd-</strong></span> 
     </span>
     <span class='ocr_line' id='line_1_17' title="bbox 322 2100 1443 2192; baseline 0.004 -24"><span class='ocrx_word' id='word_1_132' title='bbox 322 2129 360 2190; x_wconf 75' lang='grc' dir='ltr'><strong>ης</strong></span> <span class='ocrx_word' id='word_1_133' title='bbox 388 2111 480 2192; x_wconf 67' lang='lat' dir='ltr'><strong>(vid),</strong></span> <span class='ocrx_word' id='word_1_134' title='bbox 512 2107 560 2171; x_wconf 90' lang='lat' dir='ltr'><strong>sic</strong></span> <span class='ocrx_word' id='word_1_135' title='bbox 581 2129 623 2172; x_wconf 88' lang='lat' dir='ltr'><strong>ex</strong></span> <span class='ocrx_word' id='word_1_136' title='bbox 653 2113 732 2188; x_wconf 84' lang='lat' dir='ltr'><strong>lamp</strong></span> <span class='ocrx_word' id='word_1_137' title='bbox 754 2107 867 2172; x_wconf 85' lang='lat' dir='ltr'><strong>radice</strong></span> <span class='ocrx_word' id='word_1_138' title='bbox 886 2100 1038 2187; x_wconf 81' lang='grc' dir='ltr'><em>Λάμπος</em></span> <span class='ocrx_word' id='word_1_139' title='bbox 1056 2129 1086 2170; x_wconf 89' lang='grc' dir='ltr'><strong>ιι.</strong></span> <span class='ocrx_word' id='word_1_140' title='bbox 1110 2129 1157 2190; x_wconf 88' lang='lat' dir='ltr'><strong>pr.</strong></span> <span class='ocrx_word' id='word_1_141' title='bbox 1179 2105 1255 2170; x_wconf 89' lang='lat' dir='ltr'><strong>Jam</strong></span> <span class='ocrx_word' id='word_1_142' title='bbox 1276 2129 1354 2172; x_wconf 88' lang='lat' dir='ltr'><strong>vero</strong></span> <span class='ocrx_word' id='word_1_143' title='bbox 1373 2130 1443 2172; x_wconf 89' lang='lat' dir='ltr'><strong>non</strong></span> 
     </span>
     <span class='ocr_line' id='line_1_18' title="bbox 323 2198 1443 2293; baseline 0 -22"><span class='ocrx_word' id='word_1_144' title='bbox 323 2207 424 2272; x_wconf 91' lang='lat' dir='ltr'><strong>solum</strong></span> <span class='ocrx_word' id='word_1_145' title='bbox 457 2200 532 2288; x_wconf 84' lang='grc' dir='ltr'><em>βίος</em></span> <span class='ocrx_word' id='word_1_146' title='bbox 558 2216 589 2270; x_wconf 89' lang='lat' dir='ltr'><strong>et</strong></span> <span class='ocrx_word' id='word_1_147' title='bbox 608 2198 717 2290; x_wconf 76' lang='grc' dir='ltr'><strong>Ἀίὸης</strong></span> <span class='ocrx_word' id='word_1_148' title='bbox 746 2207 803 2270; x_wconf 92' lang='lat' dir='ltr'><strong>sed</strong></span> <span class='ocrx_word' id='word_1_149' title='bbox 832 2208 929 2270; x_wconf 87' lang='lat' dir='ltr'><strong>etiam</strong></span> <span class='ocrx_word' id='word_1_150' title='bbox 957 2221 1039 2293; x_wconf 86' lang='lat' dir='ltr'><strong>quae</strong></span> <span class='ocrx_word' id='word_1_151' title='bbox 1061 2206 1175 2270; x_wconf 88' lang='lat' dir='ltr'><strong>similis</strong></span> <span class='ocrx_word' id='word_1_152' title='bbox 1204 2207 1343 2272; x_wconf 90' lang='lat' dir='ltr'><strong>notionis</strong></span> <span class='ocrx_word' id='word_1_153' title='bbox 1364 2215 1443 2271; x_wconf 86' lang='lat' dir='ltr'><strong>sunt</strong></span> 
     </span>
     <span class='ocr_line' id='line_1_19' title="bbox 325 2295 1442 2392; baseline 0.001 -22"><span class='ocrx_word' id='word_1_154' title='bbox 325 2308 448 2371; x_wconf 87' lang='lat' dir='ltr'><strong>formae</strong></span> <span class='ocrx_word' id='word_1_155' title='bbox 474 2300 642 2388; x_wconf 81' lang='grc' dir='ltr'><em>βί-ο-ιο-ς</em></span> <span class='ocrx_word' id='word_1_156' title='bbox 672 2314 704 2369; x_wconf 90' lang='lat' dir='ltr'><strong>et</strong></span> <span class='ocrx_word' id='word_1_157' title='bbox 725 2297 912 2380; x_wconf 79' lang='grc' dir='ltr'><em>αάίά-ε-πος</em></span> <span class='ocrx_word' id='word_1_158' title='bbox 939 2308 1021 2381; x_wconf 84' lang='lat' dir='ltr'><strong>(ie.</strong></span> <span class='ocrx_word' id='word_1_159' title='bbox 1045 2295 1188 2388; x_wconf 79' lang='grc' dir='ltr'><em>ἀόρατος</em></span> <span class='ocrx_word' id='word_1_160' title='bbox 1215 2305 1370 2392; x_wconf 88' lang='lat' dir='ltr'><strong>Hesych.)</strong></span> <span class='ocrx_word' id='word_1_161' title='bbox 1391 2307 1442 2370; x_wconf 91' lang='lat' dir='ltr'><strong>in·</strong></span> 
     </span>
     <span class='ocr_line' id='line_1_20' title="bbox 323 2403 1443 2492; baseline 0 -22"><span class='ocrx_word' id='word_1_162' title='bbox 323 2408 512 2488; x_wconf 83' lang='lat' dir='ltr'><strong>veniuntur,</strong></span> <span class='ocrx_word' id='word_1_163' title='bbox 555 2427 638 2492; x_wconf 89' lang='lat' dir='ltr'><strong>quae</strong></span> <span class='ocrx_word' id='word_1_164' title='bbox 669 2427 728 2491; x_wconf 89' lang='lat' dir='ltr'><strong>per</strong></span> <span class='ocrx_word' id='word_1_165' title='bbox 771 2425 809 2467; x_wconf 84' lang='grc' dir='ltr'><strong>ιο</strong></span> <span class='ocrx_word' id='word_1_166' title='bbox 845 2405 997 2470; x_wconf 83' lang='lat' dir='ltr'><strong>suffixum</strong></span> <span class='ocrx_word' id='word_1_167' title='bbox 1033 2403 1231 2492; x_wconf 87' lang='lat' dir='ltr'><strong>amplificata</strong></span> <span class='ocrx_word' id='word_1_168' title='bbox 1269 2413 1361 2470; x_wconf 89' lang='lat' dir='ltr'><strong>sunt:</strong></span> <span class='ocrx_word' id='word_1_169' title='bbox 1396 2427 1443 2470; x_wconf 86' lang='lat' dir='ltr'><strong>ex</strong></span> 
     </span>
     <span class='ocr_line' id='line_1_21' title="bbox 322 2504 1442 2594; baseline 0.001 -25"><span class='ocrx_word' id='word_1_170' title='bbox 322 2528 458 2590; x_wconf 91' lang='lat' dir='ltr'><strong>quorum</strong></span> <span class='ocrx_word' id='word_1_171' title='bbox 485 2504 637 2590; x_wconf 82' lang='lat' dir='ltr'><strong>analogia</strong></span> <span class='ocrx_word' id='word_1_172' title='bbox 667 2506 834 2584; x_wconf 85' lang='grc' dir='ltr'><em>Λαμπετο</em></span> <span class='ocrx_word' id='word_1_173' title='bbox 866 2504 974 2569; x_wconf 84' lang='lat' dir='ltr'><strong>thema</strong></span> <span class='ocrx_word' id='word_1_174' title='bbox 1007 2505 1153 2592; x_wconf 89' lang='lat' dir='ltr'><strong>ejusdem</strong></span> <span class='ocrx_word' id='word_1_175' title='bbox 1183 2515 1279 2594; x_wconf 88' lang='lat' dir='ltr'><strong>atque</strong></span> <span class='ocrx_word' id='word_1_176' title='bbox 1306 2508 1442 2586; x_wconf 86' lang='grc' dir='ltr'><em>Λαμπο</em></span> 
     </span>
     <span class='ocr_line' id='line_1_22' title="bbox 321 2599 1443 2691; baseline 0.001 -22"><span class='ocrx_word' id='word_1_177' title='bbox 321 2606 462 2670; x_wconf 88' lang='lat' dir='ltr'><strong>notionis</strong></span> <span class='ocrx_word' id='word_1_178' title='bbox 486 2605 586 2668; x_wconf 89' lang='lat' dir='ltr'><strong>statui</strong></span> <span class='ocrx_word' id='word_1_179' title='bbox 607 2612 729 2690; x_wconf 90' lang='lat' dir='ltr'><strong>potest,</strong></span> <span class='ocrx_word' id='word_1_180' title='bbox 759 2627 801 2667; x_wconf 85' lang='lat' dir='ltr'><strong>ex</strong></span> <span class='ocrx_word' id='word_1_181' title='bbox 823 2626 886 2691; x_wconf 92' lang='lat' dir='ltr'><strong>quo</strong></span> <span class='ocrx_word' id='word_1_182' title='bbox 912 2599 1139 2689; x_wconf 65' lang='lat' dir='ltr'><strong>tennensium</strong></span> <span class='ocrx_word' id='word_1_183' title='bbox 1166 2603 1271 2669; x_wconf 82' lang='lat' dir='ltr'><strong>forma</strong></span> <span class='ocrx_word' id='word_1_184' title='bbox 1294 2609 1344 2682; x_wconf 81' lang='lat' dir='ltr'><strong>(A</strong></span> <span class='ocrx_word' id='word_1_185' title='bbox 1368 2613 1443 2686; x_wconf 84' lang='grc'>104)</span> 
     </span>
     <span class='ocr_line' id='line_1_23' title="bbox 322 2701 1442 2792; baseline 0 -24"><span class='ocrx_word' id='word_1_186' title='bbox 322 2725 448 2791; x_wconf 90' lang='lat' dir='ltr'><strong>quoque</strong></span> <span class='ocrx_word' id='word_1_187' title='bbox 470 2701 650 2768; x_wconf 87' lang='lat' dir='ltr'><strong>derivanda</strong></span> <span class='ocrx_word' id='word_1_188' title='bbox 672 2711 730 2768; x_wconf 90' lang='lat' dir='ltr'><strong>est.</strong></span> <span class='ocrx_word' id='word_1_189' title='bbox 745 2741 785 2750; x_wconf 92' lang='lat'>-</span> <span class='ocrx_word' id='word_1_190' title='bbox 807 2704 948 2769; x_wconf 86' lang='lat' dir='ltr'><strong>Probari</strong></span> <span class='ocrx_word' id='word_1_191' title='bbox 969 2707 1069 2791; x_wconf 86' lang='lat' dir='ltr'><strong>igitur</strong></span> <span class='ocrx_word' id='word_1_192' title='bbox 1090 2703 1231 2791; x_wconf 90' lang='lat' dir='ltr'><strong>quodam</strong></span> <span class='ocrx_word' id='word_1_193' title='bbox 1251 2703 1347 2770; x_wconf 89' lang='lat' dir='ltr'><strong>modo</strong></span> <span class='ocrx_word' id='word_1_194' title='bbox 1369 2714 1442 2792; x_wconf 89' lang='lat' dir='ltr'><strong>pot·</strong></span> 
     </span>
     <span class='ocr_line' id='line_1_24' title="bbox 322 2797 1444 2890; baseline -0.003 -22"><span class='ocrx_word' id='word_1_195' title='bbox 322 2813 381 2885; x_wconf 92' lang='lat' dir='ltr'><strong>est,</strong></span> <span class='ocrx_word' id='word_1_196' title='bbox 403 2803 491 2890; x_wconf 93' lang='lat' dir='ltr'><strong>quod</strong></span> <span class='ocrx_word' id='word_1_197' title='bbox 512 2805 547 2866; x_wconf 89' lang='lat' dir='ltr'><strong>in</strong></span> <span class='ocrx_word' id='word_1_198' title='bbox 568 2801 667 2866; x_wconf 88' lang='lat' dir='ltr'><strong>schol.</strong></span> <span class='ocrx_word' id='word_1_199' title='bbox 689 2801 732 2866; x_wconf 89' lang='lat' dir='ltr'><strong>ad</strong></span> <span class='ocrx_word' id='word_1_200' title='bbox 756 2804 863 2870; x_wconf 83' lang='lat'>0526</span> <span class='ocrx_word' id='word_1_201' title='bbox 886 2805 1007 2870; x_wconf 88' lang='lat' dir='ltr'><strong>dietum</strong></span> <span class='ocrx_word' id='word_1_202' title='bbox 1030 2814 1093 2871; x_wconf 87' lang='lat' dir='ltr'><strong>est:</strong></span> <span class='ocrx_word' id='word_1_203' title='bbox 1117 2798 1369 2888; x_wconf 64' lang='grc' dir='ltr'><strong>,Λαμπετίδης</strong></span> <span class='ocrx_word' id='word_1_204' title='bbox 1394 2797 1444 2878; x_wconf 79' lang='grc' dir='ltr'><strong>ὡς</strong></span> 
     </span>
     <span class='ocr_line' id='line_1_25' title="bbox 321 2891 1442 2990; baseline 0.002 -26"><span class='ocrx_word' id='word_1_205' title='bbox 321 2896 425 2981; x_wconf 80' lang='grc' dir='ltr'><em>πάχος</em></span> <span class='ocrx_word' id='word_1_206' title='bbox 445 2897 587 2980; x_wconf 76' lang='grc' dir='ltr'><em>πάχετος</em></span> <span class='ocrx_word' id='word_1_207' title='bbox 606 2899 802 2986; x_wconf 78' lang='grc' dir='ltr'><em>πλεονασμῷ</em></span> <span class='ocrx_word' id='word_1_208' title='bbox 824 2905 882 2966; x_wconf 83' lang='grc' dir='ltr'><strong>τοῦ</strong></span> <span class='ocrx_word' id='word_1_209' title='bbox 901 2897 956 2967; x_wconf 67' lang='lat'><strong>‘⁶³‘</strong></span> <span class='ocrx_word' id='word_1_210' title='bbox 980 2895 1038 2990; x_wconf 76' lang='grc' dir='ltr'><strong>ἀφ’</strong></span> <span class='ocrx_word' id='word_1_211' title='bbox 1064 2891 1104 2966; x_wconf 82' lang='grc' dir='ltr'><strong>οὗ</strong></span> <span class='ocrx_word' id='word_1_212' title='bbox 1125 2900 1162 2966; x_wconf 80' lang='grc' dir='ltr'><strong>τὸ</strong></span> <span class='ocrx_word' id='word_1_213' title='bbox 1177 2898 1442 2988; x_wconf 79' lang='grc' dir='ltr'><strong>Λαμπειίδης,“</strong></span> 
     </span>
     <span class='ocr_line' id='line_1_26' title="bbox 322 2996 1443 3090; baseline 0.002 -24"><span class='ocrx_word' id='word_1_214' title='bbox 322 3023 506 3090; x_wconf 86' lang='lat' dir='ltr'><strong>quanquam</strong></span> <span class='ocrx_word' id='word_1_215' title='bbox 538 3023 597 3066; x_wconf 90' lang='lat' dir='ltr'><strong>neo</strong></span> <span class='ocrx_word' id='word_1_216' title='bbox 630 3001 853 3088; x_wconf 88' lang='lat' dir='ltr'><strong>pleonasmum</strong></span> <span class='ocrx_word' id='word_1_217' title='bbox 888 3005 1055 3070; x_wconf 83' lang='lat' dir='ltr'><strong>statuerim</strong></span> <span class='ocrx_word' id='word_1_218' title='bbox 1085 3025 1145 3068; x_wconf 89' lang='lat' dir='ltr'><strong>neo</strong></span> <span class='ocrx_word' id='word_1_219' title='bbox 1172 2999 1273 3080; x_wconf 83' lang='grc' dir='ltr'><em>πάχος</em></span> <span class='ocrx_word' id='word_1_220' title='bbox 1302 2996 1443 3082; x_wconf 76' lang='grc' dir='ltr'><em>πάχετος</em></span> 
     </span>
     <span class='ocr_line' id='line_1_27' title="bbox 342 3101 1438 3190; baseline 0.002 -22"><span class='ocrx_word' id='word_1_221' title='bbox 342 3103 504 3190; x_wconf 61' lang='lat' dir='ltr'><strong>,euplum</strong></span> <span class='ocrx_word' id='word_1_222' title='bbox 534 3101 744 3190; x_wconf 90' lang='lat' dir='ltr'><strong>probaverim</strong></span> <span class='ocrx_word' id='word_1_223' title='bbox 773 3103 825 3182; x_wconf 88' lang='lat' dir='ltr'><strong>(cf.</strong></span> <span class='ocrx_word' id='word_1_224' title='bbox 846 3103 991 3170; x_wconf 85' lang='lat' dir='ltr'><strong>Lobeck.</strong></span> <span class='ocrx_word' id='word_1_225' title='bbox 1022 3101 1065 3168; x_wconf 90' lang='lat' dir='ltr'><strong>ad</strong></span> <span class='ocrx_word' id='word_1_226' title='bbox 1093 3103 1213 3167; x_wconf 87' lang='lat' dir='ltr'><strong>Buttm.</strong></span> <span class='ocrx_word' id='word_1_227' title='bbox 1235 3103 1275 3169; x_wconf 93' lang='lat' dir='ltr'><strong>II.</strong></span> <span class='ocrx_word' id='word_1_228' title='bbox 1300 3127 1331 3190; x_wconf 91' lang='lat' dir='ltr'><strong>p.</strong></span> <span class='ocrx_word' id='word_1_229' title='bbox 1354 3109 1438 3182; x_wconf 82' lang='lat'>403).</span> 
     </span>
     <span class='ocr_line' id='line_1_28' title="bbox 404 3184 1442 3288; baseline 0.005 -25"><span class='ocrx_word' id='word_1_230' title='bbox 404 3248 411 3263; x_wconf 88' lang='lat'><strong>.</strong></span> <span class='ocrx_word' id='word_1_231' title='bbox 454 3207 483 3267; x_wconf 80' lang='lat'><strong>9.</strong></span> <span class='ocrx_word' id='word_1_232' title='bbox 521 3203 567 3266; x_wconf 90' lang='lat' dir='ltr'><strong>Ut</strong></span> <span class='ocrx_word' id='word_1_233' title='bbox 587 3205 621 3266; x_wconf 93' lang='lat' dir='ltr'><strong>in</strong></span> <span class='ocrx_word' id='word_1_234' title='bbox 643 3184 862 3288; x_wconf 64' lang='grc' dir='ltr'><em>Λαμπετίδης</em></span> <span class='ocrx_word' id='word_1_235' title='bbox 882 3225 920 3266; x_wconf 83' lang='grc' dir='ltr'><strong>ιο</strong></span> <span class='ocrx_word' id='word_1_236' title='bbox 943 3203 1096 3268; x_wconf 86' lang='lat' dir='ltr'><strong>suffixum</strong></span> <span class='ocrx_word' id='word_1_237' title='bbox 1129 3201 1276 3268; x_wconf 89' lang='lat' dir='ltr'><strong>additum</strong></span> <span class='ocrx_word' id='word_1_238' title='bbox 1299 3213 1361 3284; x_wconf 88' lang='lat' dir='ltr'><strong>est,</strong></span> <span class='ocrx_word' id='word_1_239' title='bbox 1392 3205 1442 3268; x_wconf 89' lang='lat' dir='ltr'><strong>sic</strong></span> 
     </span>
    </p>

    <p class='ocr_par' dir='ltr' id='par_1_5' title="bbox 321 3298 1510 3790">
     <span class='ocr_line' id='line_1_29' title="bbox 321 3298 1439 3388; baseline 0.002 -24"><span class='ocrx_word' id='word_1_240' title='bbox 321 3303 354 3365; x_wconf 87' lang='lat' dir='ltr'><strong>iu</strong></span> <span class='ocrx_word' id='word_1_241' title='bbox 390 3298 706 3387; x_wconf 65' lang='grc' dir='ltr'><em>Τευθραν-ίδης</em></span> <span class='ocrx_word' id='word_1_242' title='bbox 734 3307 765 3363; x_wconf 92' lang='grc' dir='ltr'><strong><em>Ζ</em></strong></span> <span class='ocrx_word' id='word_1_243' title='bbox 792 3310 844 3385; x_wconf 88' lang='grc'><strong>13,</strong></span> <span class='ocrx_word' id='word_1_244' title='bbox 879 3301 949 3370; x_wconf 63' lang='lat' dir='ltr'><strong>Nic:</strong></span> <span class='ocrx_word' id='word_1_245' title='bbox 982 3303 1044 3388; x_wconf 85' lang='lat' dir='ltr'><strong>frg.</strong></span> <span class='ocrx_word' id='word_1_246' title='bbox 1084 3309 1140 3370; x_wconf 77' lang='lat'><strong>104</strong></span> <span class='ocrx_word' id='word_1_247' title='bbox 1174 3301 1224 3368; x_wconf 90' lang='lat' dir='ltr'><strong>ed.</strong></span> <span class='ocrx_word' id='word_1_248' title='bbox 1252 3301 1439 3376; x_wconf 83' lang='lat' dir='ltr'><strong>Schneider,</strong></span> 
     </span>
     <span class='ocr_line' id='line_1_30' title="bbox 322 3395 1440 3514; baseline 0.002 -50"><span class='ocrx_word' id='word_1_249' title='bbox 322 3401 412 3488; x_wconf 89' lang='lat' dir='ltr'><strong>cujus</strong></span> <span class='ocrx_word' id='word_1_250' title='bbox 434 3402 635 3514; x_wconf 49' lang='grc' dir='ltr'><strong>ράᾞάιοω</strong></span> <span class='ocrx_word' id='word_1_251' title='bbox 661 3395 815 3486; x_wconf 59' lang='lat' dir='ltr'><strong>&#39;teinpus</strong></span> <span class='ocrx_word' id='word_1_252' title='bbox 834 3405 1032 3486; x_wconf 78' lang='grc' dir='ltr'><em>(Τεοθραντ)</em></span> <span class='ocrx_word' id='word_1_253' title='bbox 1054 3403 1084 3466; x_wconf 87' lang='lat' dir='ltr'><em>E</em></span> <span class='ocrx_word' id='word_1_254' title='bbox 1105 3408 1163 3470; x_wconf 84' lang='lat'><strong>705</strong></span> <span class='ocrx_word' id='word_1_255' title='bbox 1185 3402 1318 3489; x_wconf 87' lang='lat' dir='ltr'><strong>legitur,</strong></span> <span class='ocrx_word' id='word_1_256' title='bbox 1345 3401 1440 3467; x_wconf 74' lang='lat' dir='ltr'><strong>aad·</strong></span> 
     </span>
     <span class='ocr_line' id='line_1_31' title="bbox 323 3493 1440 3590; baseline 0 -24"><span class='ocrx_word' id='word_1_257' title='bbox 323 3509 466 3586; x_wconf 82' lang='lat' dir='ltr'><strong>emptum</strong></span> <span class='ocrx_word' id='word_1_258' title='bbox 479 3493 574 3584; x_wconf 68' lang='lat' dir='ltr'><strong>issae</strong></span> <span class='ocrx_word' id='word_1_259' title='bbox 604 3501 743 3568; x_wconf 87' lang='lat' dir='ltr'><strong>videtur.</strong></span> <span class='ocrx_word' id='word_1_260' title='bbox 794 3501 860 3567; x_wconf 85' lang='lat' dir='ltr'><strong>Sed</strong></span> <span class='ocrx_word' id='word_1_261' title='bbox 883 3504 911 3568; x_wconf 88' lang='lat' dir='ltr'><strong>si</strong></span> <span class='ocrx_word' id='word_1_262' title='bbox 933 3527 1000 3568; x_wconf 90' lang='lat' dir='ltr'><strong>rem</strong></span> <span class='ocrx_word' id='word_1_263' title='bbox 1037 3504 1219 3566; x_wconf 81' lang='lat' dir='ltr'><strong>accuratius</strong></span> <span class='ocrx_word' id='word_1_264' title='bbox 1245 3503 1440 3590; x_wconf 83' lang='lat' dir='ltr'><strong>inspexeris,</strong></span> 
     </span>
     <span class='ocr_line' id='line_1_32' title="bbox 322 3595 1510 3686; baseline -0.001 -23"><span class='ocrx_word' id='word_1_265' title='bbox 322 3599 414 3664; x_wconf 86' lang='lat' dir='ltr'><strong>aliter</strong></span> <span class='ocrx_word' id='word_1_266' title='bbox 429 3600 604 3686; x_wconf 82' lang='lat' dir='ltr'><strong>judicabis.</strong></span> <span class='ocrx_word' id='word_1_267' title='bbox 625 3635 626 3642; x_wconf 34' lang='grc' dir='ltr'>ι</span> <span class='ocrx_word' id='word_1_268' title='bbox 644 3601 729 3665; x_wconf 87' lang='lat' dir='ltr'><strong>Nam</strong></span> <span class='ocrx_word' id='word_1_269' title='bbox 753 3601 880 3666; x_wconf 87' lang='lat' dir='ltr'><strong>etiamsi</strong></span> <span class='ocrx_word' id='word_1_270' title='bbox 902 3605 1171 3684; x_wconf 85' lang='lat' dir='ltr'><strong>concesserimus,</strong></span> <span class='ocrx_word' id='word_1_271' title='bbox 1194 3605 1228 3666; x_wconf 93' lang='lat' dir='ltr'><strong>in</strong></span> <span class='ocrx_word' id='word_1_272' title='bbox 1254 3595 1441 3683; x_wconf 71' lang='grc' dir='ltr'><em>Τευθρανί-</em></span> <span class='ocrx_word' id='word_1_273' title='bbox 1482 3652 1485 3656; x_wconf 95' lang='grc'><em>.</em></span> <span class='ocrx_word' id='word_1_274' title='bbox 1508 3657 1510 3662; x_wconf 92' lang='grc'>.</span> 
     </span>
     <span class='ocr_line' id='line_1_33' title="bbox 322 3696 1440 3790; baseline 0.005 -31"><span class='ocrx_word' id='word_1_275' title='bbox 322 3696 380 3782; x_wconf 59' lang='lat' dir='ltr'><strong>drys</strong></span> <span class='ocrx_word' id='word_1_276' title='bbox 401 3701 496 3764; x_wconf 87' lang='lat' dir='ltr'><strong>metri</strong></span> <span class='ocrx_word' id='word_1_277' title='bbox 516 3701 709 3766; x_wconf 82' lang='lat' dir='ltr'><strong>necessitate</strong></span> <span class='ocrx_word' id='word_1_278' title='bbox 730 3724 749 3762; x_wconf 83' lang='grc' dir='ltr'>ι</span> <span class='ocrx_word' id='word_1_279' title='bbox 778 3703 913 3788; x_wconf 90' lang='lat' dir='ltr'><strong>ejectum</strong></span> <span class='ocrx_word' id='word_1_280' title='bbox 944 3724 1029 3784; x_wconf 89' lang='lat' dir='ltr'><strong>esse,</strong></span> <span class='ocrx_word' id='word_1_281' title='bbox 1060 3701 1137 3790; x_wconf 90' lang='lat' dir='ltr'><strong>quid</strong></span> <span class='ocrx_word' id='word_1_282' title='bbox 1159 3711 1268 3766; x_wconf 86' lang='lat' dir='ltr'><strong>tamen</strong></span> <span class='ocrx_word' id='word_1_283' title='bbox 1290 3700 1330 3766; x_wconf 94' lang='lat' dir='ltr'><strong>de</strong></span> <span class='ocrx_word' id='word_1_284' title='bbox 1356 3705 1440 3765; x_wconf 79' lang='grc' dir='ltr'><em>Τευ-</em></span> 
     </span>
    </p>
   </div>
   <div class='ocr_carea' id='block_1_4' title="bbox 215 3799 1440 3891">
    <p class='ocr_par' dir='ltr' id='par_1_6' title="bbox 215 3799 1440 3891">
     <span class='ocr_line' id='line_1_34' title="bbox 215 3799 1440 3891; baseline 0.008 -35"><span class='ocrx_word' id='word_1_285' title='bbox 215 3875 218 3881; x_wconf 90' lang='lat'><em>.</em></span> <span class='ocrx_word' id='word_1_286' title='bbox 321 3799 445 3880; x_wconf 77' lang='grc' dir='ltr'><strong><em>θρανία</em></strong></span> <span class='ocrx_word' id='word_1_287' title='bbox 479 3799 681 3864; x_wconf 82' lang='lat' dir='ltr'><strong>statuamus?</strong></span> <span class='ocrx_word' id='word_1_288' title='bbox 724 3799 808 3864; x_wconf 89' lang='lat' dir='ltr'><strong>Num</strong></span> <span class='ocrx_word' id='word_1_289' title='bbox 842 3801 875 3864; x_wconf 92' lang='lat' dir='ltr'><strong>in</strong></span> <span class='ocrx_word' id='word_1_290' title='bbox 907 3799 969 3865; x_wconf 90' lang='lat' dir='ltr'><strong>hac</strong></span> <span class='ocrx_word' id='word_1_291' title='bbox 1002 3820 1128 3890; x_wconf 89' lang='lat' dir='ltr'><strong>quoque</strong></span> <span class='ocrx_word' id='word_1_292' title='bbox 1158 3801 1272 3891; x_wconf 85' lang='lat' dir='ltr'><strong>forma,</strong></span> <span class='ocrx_word' id='word_1_293' title='bbox 1306 3823 1388 3890; x_wconf 89' lang='lat' dir='ltr'><strong>quae</strong></span> <span class='ocrx_word' id='word_1_294' title='bbox 1420 3825 1440 3866; x_wconf 89' lang='lat' dir='ltr'><strong>a</strong></span> 
     </span>
    </p>
   </div>
   <div class='ocr_carea' id='block_1_5' title="bbox 321 3899 1439 4188">
    <p class='ocr_par' dir='ltr' id='par_1_7' title="bbox 321 3899 1439 4188">
     <span class='ocr_line' id='line_1_35' title="bbox 321 3899 1439 3988; baseline 0.005 -28"><span class='ocrx_word' id='word_1_295' title='bbox 321 3919 440 3982; x_wconf 90' lang='lat' dir='ltr'><strong>prosae</strong></span> <span class='ocrx_word' id='word_1_296' title='bbox 461 3899 616 3964; x_wconf 88' lang='lat' dir='ltr'><strong>orationis</strong></span> <span class='ocrx_word' id='word_1_297' title='bbox 638 3899 852 3986; x_wconf 89' lang='lat' dir='ltr'><strong>scriptoribus</strong></span> <span class='ocrx_word' id='word_1_298' title='bbox 874 3899 1023 3966; x_wconf 88' lang='lat' dir='ltr'><strong>adhiberi</strong></span> <span class='ocrx_word' id='word_1_299' title='bbox 1045 3900 1140 3982; x_wconf 90' lang='lat' dir='ltr'><strong>solet,</strong></span> <span class='ocrx_word' id='word_1_300' title='bbox 1170 3923 1189 3962; x_wconf 84' lang='grc' dir='ltr'><em>τ</em></span> <span class='ocrx_word' id='word_1_301' title='bbox 1210 3903 1345 3988; x_wconf 87' lang='lat' dir='ltr'><strong>ejectum</strong></span> <span class='ocrx_word' id='word_1_302' title='bbox 1368 3923 1439 3966; x_wconf 86' lang='lat' dir='ltr'><strong>esse</strong></span> 
     </span>
     <span class='ocr_line' id='line_1_36' title="bbox 321 3993 1438 4086; baseline 0.005 -28"><span class='ocrx_word' id='word_1_303' title='bbox 321 3997 497 4062; x_wconf 88' lang='lat' dir='ltr'><strong>verisimile</strong></span> <span class='ocrx_word' id='word_1_304' title='bbox 519 3999 595 4068; x_wconf 66' lang='lat' dir='ltr'><strong>est?</strong></span> <span class='ocrx_word' id='word_1_305' title='bbox 621 3993 733 4064; x_wconf 81' lang='lat' dir='ltr'><strong>Potius</strong></span> <span class='ocrx_word' id='word_1_306' title='bbox 756 4000 896 4086; x_wconf 87' lang='lat' dir='ltr'><strong>primum</strong></span> <span class='ocrx_word' id='word_1_307' title='bbox 921 4003 1075 4081; x_wconf 68' lang='lat' dir='ltr'><strong>Teodpov</strong></span> <span class='ocrx_word' id='word_1_308' title='bbox 1102 4000 1209 4066; x_wconf 86' lang='lat' dir='ltr'><strong>thema</strong></span> <span class='ocrx_word' id='word_1_309' title='bbox 1233 3999 1438 4078; x_wconf 82' lang='lat' dir='ltr'><strong>statuendum</strong></span> 
     </span>
     <span class='ocr_line' id='line_1_37' title="bbox 322 4096 1437 4188; baseline 0 -23"><span class='ocrx_word' id='word_1_310' title='bbox 322 4118 393 4165; x_wconf 88' lang='lat' dir='ltr'><strong>esse</strong></span> <span class='ocrx_word' id='word_1_311' title='bbox 424 4119 556 4182; x_wconf 89' lang='lat' dir='ltr'><strong>censeo,</strong></span> <span class='ocrx_word' id='word_1_312' title='bbox 591 4121 632 4163; x_wconf 89' lang='lat' dir='ltr'><strong>ex</strong></span> <span class='ocrx_word' id='word_1_313' title='bbox 665 4121 727 4188; x_wconf 91' lang='lat' dir='ltr'><strong>quo</strong></span> <span class='ocrx_word' id='word_1_314' title='bbox 754 4102 956 4184; x_wconf 72' lang='grc' dir='ltr'><em>Τευθραν-ία</em></span> <span class='ocrx_word' id='word_1_315' title='bbox 990 4111 1021 4167; x_wconf 88' lang='lat' dir='ltr'><strong>et</strong></span> <span class='ocrx_word' id='word_1_316' title='bbox 1052 4096 1329 4187; x_wconf 66' lang='lat' dir='ltr'><strong>Tsodoov-idps,</strong></span> <span class='ocrx_word' id='word_1_317' title='bbox 1345 4100 1437 4187; x_wconf 84' lang='lat' dir='ltr'><strong>eujus</strong></span> 
     </span>
    </p>
   </div>
   <div class='ocr_carea' id='block_1_6' title="bbox 0 0 1578 4958">
    <p class='ocr_par' dir='ltr' id='par_1_8' title="bbox 0 0 1578 4958">
     <span class='ocr_line' id='line_1_38' title="bbox 0 0 1578 4958; baseline 0 0"><span class='ocrx_word' id='word_1_318' title='bbox 0 0 1578 4958; x_wconf 95' lang='lat' dir='ltr'><strong> </strong></span> 
     </span>
    </p>
   </div>
  </div>
 </body>
</html>
