3070 4962
95 618 225 686 nondum
257 620 461 706 pronuntiari
495 619 639 687 desiisse.
693 621 776 686 Nam
811 643 939 709 semper
974 643 1117 688 consona
1146 621 1203 686 illa

96 723 212 806 spirans
233 721 268 784 in
289 718 398 786 media
427 741 545 784 vocum
573 719 650 784 sede
679 719 779 785 multo
810 723 900 807 prius
932 744 1027 808 quarn
1054 723 1088 786 in
1108 721 1199 786 initio

95 839 278 882 evanescere
307 817 397 882 solet.
443 817 525 884 Cum
559 819 658 902 igitur
692 821 725 884 in
758 823 920 906 scriptura
959 812 1145 904 edycoyaot'q
1184 819 1223 882 t.

95 927 195 1004 aperte
216 917 427 983 subditicium
448 916 633 982 habendum
655 920 710 1000 sit,
733 941 915 1001 monemur,
938 943 978 984 ne
1001 921 1130 986 omnino
1154 941 1223 990 ce.

94 1019 163 1082 teris
185 1016 344 1112 exemplis
365 1015 465 1080 ullam
488 1015 585 1080 fidem
606 1016 799 1084 tribuamus.

166 1118 277 1204 Itaque
306 1114 449 1180 dubitari
479 1138 544 1180 non
574 1125 699 1202 potest,
731 1119 809 1204 quin
838 1118 1003 1204 Theognis
1033 1127 1202 1204 petitarum

93 1215 314 1302 elegiacorum,
337 1237 416 1302 quos
439 1225 569 1280 secutus
592 1224 657 1298 est,
688 1216 955 1282 consuetudinem
980 1216 1043 1282 sibi
1066 1216 1109 1282 ad
1131 1217 1202 1282 imi-

92 1315 215 1380 tandum
230 1307 447 1402 proposuerit,
469 1315 533 1378 nisi
548 1313 635 1399 quod
652 1323 726 1380 ante
742 1338 864 1402 paucas
880 1315 961 1380 alias
976 1339 1072 1382 voces
1087 1315 1202 1382 eadem

92 1414 213 1480 licentia
223 1413 419 1501 prosodiaca
431 1423 584 1496 uteretur,
605 1437 701 1501 quam
717 1413 846 1480 dialecti
862 1416 975 1501 epicae
993 1423 1025 1480 et
1038 1415 1202 1500 elegiacos

92 1514 253 1600 analogiae
275 1537 340 1578 non
360 1535 545 1598 repugnare
566 1513 782 1600 intellegebat.

166 1614 317 1680 Ceterum
342 1621 466 1695 autem,
500 1635 572 1676 cum
600 1615 634 1678 in
665 1612 854 1679 hexametro
878 1614 976 1678 etiam
997 1612 1079 1680 illud
1100 1635 1201 1698 genus

93 1713 205 1796 hiatus,
233 1713 321 1800 quod
348 1711 418 1776 sola
439 1713 595 1778 incisione
618 1714 754 1778 metrica
775 1713 906 1792 nititur,
934 1712 1023 1778 haud
1052 1713 1203 1800 frequens

93 1812 376 1895 assevideamus¹),
401 1834 474 1880 cum
496 1813 530 1876 in
552 1821 763 1896 pentametro,
787 1813 843 1896 qui
866 1823 963 1897 „post
976 1812 1203 1898 hexametrum

99 1914 225 1998 gravius
251 1910 455 1976 incedentem
489 1912 738 1998 properantiore
774 1910 915 1995 quodam
943 1910 1050 1996 gradu
1078 1912 1125 1975 uti
1154 1913 1200 1976 vi-

94 2011 230 2095 deatur“,
253 2011 360 2076 hiatus
383 2011 449 2074 nisi
470 2019 546 2076 ante
562 2009 723 2075 vocabula
740 2009 938 2095 digammate
954 2009 1030 2075 olim
1046 2011 1205 2075 instructa

94 2121 141 2175 aut
161 2121 234 2198 post
255 2109 416 2198 quaedam
439 2109 629 2187 vocabula2)
651 2131 717 2174 non
738 2107 959 2192 admittantur,
982 2111 1112 2174 omnino
1126 2119 1202 2195 pot-

93 2220 136 2276 tas
149 2211 319 2297 elegiacos,
345 2208 536 2295 Theognide
550 2232 615 2274 non
638 2216 786 2295 excepte,
809 2207 916 2274 hiatus
938 2209 1084 2294 fugere
1105 2231 1203 2296 quam

94 2333 238 2398 quaerere
259 2307 413 2374 maluisse
435 2309 624 2386 existimal).

165 2411 272 2475 Voces
295 2419 418 2491 autem,
441 2417 553 2494 utpote
575 2431 658 2494 quae
680 2407 756 2474 olim
778 2407 945 2493 digamma
967 2408 1001 2472 in
1022 2407 1126 2473 fronte
1148 2406 1203 2472 ha·

95 2507 221 2592 huerint,
243 2508 368 2574 hiatum
390 2507 565 2572 admittunt
585 2508 696 2585 hae⁴):

165 2601 296 2672 ddciv:
319 2607 464 2694 Theogn.
486 2612 541 2673 52:
563 2604 641 2693 τῇδε
659 2601 762 2692 ἅδοιΙΙ.

164 2701 374 2788 (illusorum
406 2706 553 2792 Theogn.
575 2711 651 2772 235:

247 2798 354 2872 Οὐδὲν
382 2799 431 2870 ἔνι
463 2800 584 2890 πρέπει
603 2793 691 2892 ἧμιν,
714 2797 762 2868 ἅτ’
792 2795 931 2888 ἀνδράσι
959 2797 1206 2884 σωζομένοισιν,

331 2898 404 2970 ἀλλ’
429 2897 474 2981 ὡς
493 2898 596 2998 νάγχν
618 2901 727 2980 πόλει,
754 2899 869 2988 Κύρνε,
893 2898 1099 2992 ἁλωσαμένῃ.

170 3126 193 3190 1)
213 3123 282 3180 Ahr.
301 3123 402 3179 Philol.
419 3123 470 3179 III.
489 3142 517 3196 p.
536 3127 587 3178 227
607 3141 664 3193 sqq.

167 3210 192 3276 t)
210 3208 277 3264 ibid.
300 3211 358 3276 23⁰,
376 3207 437 3262 coll.
457 3226 484 3277 p.
505 3211 564 3260 226.

166 3295 191 3358 3)
210 3291 280 3346 Inde
298 3292 365 3346 satis
384 3291 475 3344 elucet
499 3307 605 3344 errasse
622 3289 815 3358 Leutschium,
838 3289 886 3360 qui
909 3293 975 3342 ante
994 3287 1127 3343 ἁνδάνειν
1145 3304 1203 3342 ver·

96 3369 158 3442 bum,
175 3380 202 3428 et
219 3380 294 3429 certe
314 3375 396 3428 etiam
415 3374 478 3441 alia,
498 3373 658 3445 ubicunque
677 3394 694 3429 ν
711 3373 913 3446 &catacumba
930 3371 1041 3444 legitur,
1061 3372 1113 3426 hcc
1131 3371 1204 3425 abici

96 3455 198 3511 voluerit
221 3459 295 3526 (vide
313 3457 420 3529 Bergki
440 3463 534 3513 annot.
557 3459 593 3511 ad
610 3475 649 3514 vs.
667 3461 735 3526 44.):
763 3461 795 3512 44
819 3463 949 3510 κακοῖσιν
972 3455 1036 3530 ἅδῃ.
1062 3459 1119 3509 382.
1144 3457 1203 3508 802.

96 3538 144 3593 804.
161 3543 199 3596 24.
235 3541 309 3606 Quid
332 3543 458 3610 tandem,
486 3558 603 3611 quaeso,
627 3543 739 3596 omnino
763 3542 805 3594 his
829 3540 1029 3596 mutationibus
1053 3536 1203 3609 proficitur,

97 3625 212 3688 quoniam
230 3641 265 3680 ne
284 3626 324 3679 ita
337 3627 447 3696 quidem
460 3627 650 3682 inconstantia
663 3626 725 3681 tolli
736 3629 836 3697 potest,
855 3624 889 3679 cf.
904 3628 966 3680 226:
988 3621 1105 3678 ἄπιστοι
1124 3619 1202 3678 ἅδον.

97 3706 136 3758 tl:
159 3712 195 3772 ἵζε
212 3714 259 3764 καὶ
277 3709 382 3764 [indura
403 3716 473 3770 sofr.
491 3715 549 3766 732.
898 3703 902 3716 ’

167 3793 192 3858 t)
211 3791 334 3858 Quarum
363 3792 503 3863 digamma
528 3795 583 3848 iam
606 3811 639 3848 ex
658 3793 773 3848 Homeri
794 3792 994 3848 consuetudine
1016 3790 1083 3843 satis
1108 3795 1205 3844 notum

98 3877 143 3940 cst,
159 3875 190 3929 de
207 3876 304 3932 harum
322 3877 428 3948 origine
446 3877 516 3930 nihil
535 3877 657 3932 dicamus
668 3877 811 3932 breuitatis
829 3875 951 3930 studiosi.
971 3873 1077 3928 Eodem
1090 3873 1204 3928 oonsilio

99 3951 185 4028 hiatus,
202 3962 249 4031 qui
266 3965 331 4032 post
349 3961 424 4015 arsin
441 3958 581 4032 leguntur,
600 3961 730 4016 asterisco
748 3960 905 4015 notabimus
920 3957 1087 4012 Ahrenaium
1109 3957 1203 4012 secuti.

100 4034 240 4110 Scripturas
257 4047 420 4100 varietatem
438 4049 548 4099 tantum
567 4045 616 4100 ubi
633 4045 820 4100 necessarium
844 4044 967 4111 videtur,
993 4041 1129 4095 accubem
1147 4041 1205 4110 ple-

101 4136 200 4195 rumque
217 4127 282 4199 ipsis
300 4129 405 4202 Bergki
423 4129 515 4184 verbis
532 4146 606 4184 usus.

940 4230 993 4282 lo*
