3056 4968
587 442 644 512 10⁵

678 529 720 538 -1-

69 617 237 703 μυκτῆρσιν
258 606 306 693 εἷς
327 615 365 682 τὸ
388 612 450 697 ἔξω
463 611 545 705 η’χον
559 617 740 706 προέσθαι,
763 616 974 710 σἰιιοφλάσαι,
998 618 1167 710 ῥομχᾶσαι,

71 716 225 804 quodiam
236 718 425 795 Voretarch‚
440 719 480 785 de
491 723 588 788 inser.
601 723 749 788 Cretensi
758 725 852 790 Halis
867 731 943 793 1862
955 749 1029 812 pag.
1050 731 1169 794 19--20

70 820 278 882 consentiente
305 817 349 882 M.
371 817 549 887 Schmidtio
575 824 609 886 in
635 821 759 888 Kuhnii
790 824 907 890 annall.
936 825 1013 891 XII.
1041 831 1101 891 217
1129 849 1170 890 ex

68 906 367 998 ἄνστιταρσῖξασθαι
389 925 442 996 (τ..-
454 912 673 1007 οῖιτοττταρεῖν)
691 924 868 1009 aspirando
890 935 1080 1012 corruptum
1099 947 1170 991 esse

69 1014 142 1080 bene
163 1017 378 1085 intellexerat.

124 1121 149 1180 2.
184 1115 314 1183 Deinde
347 1129 454 1184 exstat
484 1115 689 1208 εἰτιφθύσδω
717 1153 759 1178 =
793 1117 962 1201 ἐσινιτύζω
997 1123 1048 1188 bis
1080 1124 1168 1211 apud

69 1211 270 1280 Theocritum
293 1221 334 1295 (2.
356 1223 395 1286 62
419 1227 450 1282 et
472 1226 500 1286 7.
522 1227 601 1299 127).

123 1320 148 1380 3.
185 1306 297 1402 ἑφθός
323 1327 372 1381 est
400 1318 594 1386 adieetivum
624 1321 715 1386 verbi
738 1315 847 1385 ἕπτιιν
878 1327 934 1399 (:=
959 1316 1101 1384 σε’νντειν
1128 1323 1169 1386 ef.

68 1409 164 1478 Curtii
187 1414 226 1482 el.
248 1439 322 1502 pag.
341 1423 423 1501 409),
446 1419 532 1508 quod
551 1421 585 1485 in
606 1415 703 1506 ἕψειν
723 1421 852 1484 transiit
872 1442 932 1506 pro
954 1413 1064 1496 ἑιττός,
1089 1443 1171 1505 quae

68 1513 190 1600 quidem
216 1517 321 1582 forma
350 1541 415 1584 non
439 1519 541 1585 solum
566 1522 601 1584 in
622 1520 790 1606 glossariis
820 1521 959 1606 antiquis
981 1519 1099 1604 legitur
1121 1521 1170 1596 (ef.

68 1610 171 1702 Steph.
191 1616 273 1682 thes.
302 1641 325 1680 s.
347 1641 377 1684 v.
406 1611 517 1696 inodo)
549 1619 606 1684 sed
635 1621 733 1684 etiam
762 1630 875 1706 aperte
902 1629 1033 1683 servata
1061 1627 1109 1683 est
1137 1621 1171 1684 in

68 1702 209 1797 ἆφέπτός
241 1739 300 1802 pro
329 1709 492 1804 ἄφεφθός
525 1719 614 1806 apud
645 1719 804 1786 Soranum
838 1718 897 1796 (do
932 1727 1001 1782 arte
1038 1718 1170 1784 obstetr.
1275 1778 1279 1786 .

68 1833 134 1896 pag.
157 1815 397 1883 amoenior.
420 1818 459 1883 ef.
483 1819 581 1883 etiam
598 1818 742 1902 Lobeek,
764 1818 885 1906 pathol.
907 1817 946 1882 el.
971 1817 994 1881 Ι.
1011 1821 1092 1896 527),
1115 1819 1171 1906 qui

68 1909 204 2000 Trojano
226 1916 424 2001 imperatore
444 1919 537 1982 vixit.
782 1985 784 1988 .

122 2023 149 2081 4.
162 2013 217 2080 Ex
231 2015 345 2080 ho'rurn
358 2017 581 2106 exemplorum
594 2016 747 2103 analogia
757 2015 914 2080 eonolndo
926 2019 1023 2082 etiam
1032 2009 1171 2100 ὀφθαλ-

65 2106 118 2194 μός
146 2137 187 2181 ox
212 2106 386 2200 ὀσταλμός
413 2116 465 2195 (of.
488 2108 640 2194 ὀνοτάζω,
671 2107 826 2191 duellos,
859 2107 1032 2192 ὅκταλλος)
1059 2125 1171 2181 natum

67 2233 137 2278 esse.

119 2323 147 2382 5.
179 2306 330 2400 μοχθίζει
358 2315 411 2392 (of.
434 2307 666 2398 ἆναμεχθίζω,
693 2301 898 2394 μοχθισμὸς,
931 2315 1062 2393 similia)
1084 2314 1172 2382 hand
1215 2354 1219 2363 ·

65 2411 154 2477 dubie
177 2423 292 2479 natum
313 2425 363 2480 est
380 2437 421 2479 ex
441 2407 585 2496 μυκτίζω
606 2414 657 2494 (od
673 2405 905 2494 dunstanvilla,
928 2407 1066 2500 μοκτήρ,
1087 2437 1172 2496 μοι·

63 2507 197 2598 ττοίζω).
794 2589 796 2594 ,

119 2621 147 2682 6.
179 2611 368 2701 Hesyehius
390 2615 570 2682 etPhotius
592 2613 728 2680 verbum
750 2606 896 2698 ὀρεκτεῖν
915 2615 1171 2700 interpretantur

64 2706 259 2794 ἐπιθυμεῖν,
296 2716 387 2779 euius
418 2716 565 2804 aspirata
596 2714 701 2781 forma
731 2707 884 2798 ὀρεχθεῖν
918 2735 1053 2802 prorsus
1082 2713 1171 2778 idem

65 2811 230 2898 signifieat.

120 2919 147 2978 7.
169 2912 271 3000 Apud
291 2913 495 2999 Hesyehium
514 2914 652 2999 legimus
674 2913 759 2978 hano
780 2912 937 2998 glossam:
959 2906 1070 2989 ἐχθοῖ·
1094 2905 1167 2990 ἔξω,

64 3009 94 3074 id
106 3022 153 3076 est
165 3012 327 3078 loeativns
342 3015 453 3100 stirpis
467 3009 541 3077 ε’κτο
561 3013 659 3093 (unde
671 3006 821 3086 ἔκτοθεν,
840 3005 972 3092 ἔκτοθι)
985 3014 1068 3077 sieut
1083 3006 1174 3074 ε’νόοῖ

64 3112 169 3198 stirpis
193 3107 283 3188 ἒνδο,
308 3105 378 3191 ἕξοι
400 3115 511 3200 stirpis
528 3108 592 3191 ἔξο,
617 3135 677 3201 pro
693 3107 791 3186 ἐκτοῑ,
816 3112 1011 3198 minimeque
1026 3110 1172 3176 Usenero

64 3209 104 3286 (in
134 3211 343 3278 Fleckeiseni
375 3212 492 3278 annall.
526 3219 613 3280 1865.
645 3219 717 3289 254)
749 3212 899 3275 assentiri
931 3234 1081 3296 possum,
1116 3211 1171 3296 qui

64 3321 171 3375 eontra
193 3310 341 3376 ordinem
362 3311 544 3377 litterarum
566 3311 656 3398 apud
671 3310 872 3396 Hesychium
890 3306 1001 3388 dxooi·
1022 3303 1083 3388 ἔξω
1102 3332 1172 3374 eor-

64 3409 165 3495 rigere
187 3409 300 3477 voluit.
428 3445 432 3450 .
1248 3491 1259 3517 X

120 3515 149 3578 8.
171 3510 329 3575 Fortasse
351 3512 449 3576 etiam
470 3502 728 3591 ἀμιχθαλόεσσα
751 3508 839 3596 apud
860 3507 1038 3573 Homerum
1058 3519 1174 3573 natum

64 3617 108 3674 est
142 3630 186 3673 ex
218 3600 480 3688 ἀμικταλόεσσα,
518 3610 605 3698 quod
640 3609 682 3674 ad
716 3609 900 3694 analogiam
937 3609 1174 3674 adieetivorum

65 3702 194 3786 ὀολιχός
215 3745 256 3755 -
278 3703 453 3788 δολιχόεις,
479 3702 624 3793 ἀγκύλας
643 3747 684 3758 -
706 3701 891 3792 ἆμκολόεις,
917 3701 1029 3791 ῥικνός
1043 3745 1084 3756 -
1101 3709 1174 3792 ῥικ-

65 3802 160 3892 νὴεις,
192 3799 292 3896 ἀρμής
320 3846 362 3855 -
383 3800 564 3892 ἀρμινόεις,
596 3805 760 3891 μέσος-
792 3802 927 3891 μεσήεις
960 3810 1175 3894 compositum

66 3915 111 3970 est
130 3930 173 3972 ex
195 3899 335 3988 ἄμικτος
356 3909 408 3984 (of.
420 3909 497 3975 Eur.
513 3909 583 3996 Iph.
597 3909 636 3974 T.
652 3914 726 3976 402:
747 3901 891 3992 »ἔβασαν
913 3894 989 3970 αἶαν
1003 3898 1174 3988 ἄμικτονίῑ)

66 4015 95 4070 et
109 4006 235 4074 suffixis
252 4006 315 4072 αλο
331 4021 363 4075 et
377 4031 430 4072 εντ
448 4010 673 4096 significatque
689 4007 895 4074 solitudinem
909 4008 1034 4074 insulae
1047 4008 1174 4090 Lemni,

66 4127 145 4191 quae
172 4108 260 4197 apud
286 4121 413 4176 veteres
444 4112 478 4176 in
506 4103 718 4199 proverbium
746 4109 882 4176 abierat.
926 4106 974 4176 Of.
1003 4107 1102 4176 schol.
1130 4106 1174 4176 ad
