3008 4968
580 447 641 510 236

65 623 170 688 dieitur
190 618 388 705 Λεπτίνεω,
418 647 603 714 quanquam
631 625 730 711 vulgo
750 625 823 693 loeo
843 627 992 714 stirpium
1015 628 1050 694 in
1070 645 1092 690 ο
1112 651 1168 694 ex·

64 726 195 790 euntium
217 724 365 805 habetur,
388 747 427 790 ao

118 818 395 909 Κοπρογενής,
434 823 521 912 quod
555 824 589 888 in
627 826 778 910 genetivo
811 825 1045 906 Κυπρογενοῦς
1079 827 1167 908 (οῦς),

63 943 149 1006 quem
170 945 269 1009 saepe
288 923 436 1009 legimns,
459 923 498 988 ef.
523 921 586 987 Sol.
603 921 641 988 el.
658 928 707 1003 26,
729 931 759 990 l.
804 923 950 1009 Theogn.
971 929 1050 992 1308
1067 929 1168 1009 (mpl,

63 1019 187 1086 alteram
209 1024 354 1109 sequitur
375 1022 633 1102 declinationem,
656 1021 802 1108 Theogn.
829 1028 906 1090 1323
932 1027 1022 1108 (mp.)
1044 1025 1166 1088 voeati-

62 1141 128 1182 vum
143 1119 236 1186 offert
250 1115 447 1206 Κνττρογένρ
462 1143 504 1210 ex
527 1121 627 1206 stirpe
646 1121 839 1204 Κνπρογενα
854 1120 1036 1187 formatum.
1060 1121 1167 1202 Quam

64 1218 249 1302 singularem
278 1219 416 1286 formam
447 1218 611 1304 Bergkius
645 1217 728 1284 bene
761 1229 867 1288 tuetur
894 1211 1044 1306 Ἰφιγένη
1077 1243 1171 1294 voce.

63 1316 292 1403 Comparentur
306 1318 498 1384 Latinorum
520 1317 682 1384 adieetiva
697 1319 886 1406 composita,
906 1340 1044 1406 quorum
1065 1318 1168 1384 altera

62 1438 131 1500 pars
152 1426 201 1482 est
221 1440 334 1503 genus,
356 1417 457 1482 veluti
480 1417 649 1503 privignus
672 1419 834 1503 privigna,
857 1416 930 1483 alia.

115 1507 504 1600 Εὕρνμεόοντιάδης
525 1537 643 1580 nomen
666 1525 794 1598 eontra,
816 1527 850 1580 ut
872 1515 960 1580 haud
981 1537 1057 1582 raro
1079 1515 1167 1602 apud

61 1612 147 1678 lonas
171 1617 306 1681 nomina
332 1617 467 1702 propria
488 1616 522 1680 in
550 1637 597 1700 ης,
619 1616 653 1680 in
671 1617 858 1681 accusativo
874 1614 1032 1700 singulari
1046 1614 1167 1680 flexum

61 1723 102 1776 est
123 1713 165 1778 ad
184 1715 372 1800 analogiam
395 1715 603 1802 stirpiumin
624 1732 645 1778 σ
667 1716 867 1780 exeuntium:
895 1713 997 1800 Hipp.
1018 1713 1093 1780 hex.
1115 1719 1166 1795 85,

63 1815 86 1876 1;
115 1807 240 1888 Μοῦσά
271 1835 333 1894 μοι
365 1805 691 1897 Εὖρομεδοντιάδεο,
722 1810 780 1900 τὴν
812 1807 1106 1896 παντοχάροβδινΙΙ
1126 1847 1168 1860 -

60 1931 167 1994 εννεφ.

114 2004 215 2092 δόρυ
245 2011 336 2076 voeis
366 2011 489 2099 duplex
517 2019 568 2076 est
597 2011 732 2078 flexura.
775 2011 944 2096 Leguntur
976 2011 1061 2074 enim
1093 2031 1166 2074 eum

61 2106 218 2174 breviores
239 2110 377 2193 formae,
405 2133 488 2198 quae
514 2131 617 2196 purae
645 2109 740 2196 stirpi
766 2111 1009 2174 terminationes
1043 2106 1169 2174 addunt

61 2216 87 2269 et
106 2217 273 2293 poetarum
303 2212 445 2274 maxime
472 2209 626 2296 propriae
649 2217 735 2273 sunt:
763 2208 862 2274 Aroh.
886 2206 923 2273 el.
947 2213 1028 2302 3,1.
1052 2213 1071 2274 2
1094 2199 1170 2288 δορί

60 2309 134 2382 (ter).
157 2306 250 2392 Tyrt.
277 2315 330 2391 11,
354 2317 396 2377 20
419 2302 552 2391 δουρός,
581 2330 653 2372 eum
674 2307 838 2392 longiores
861 2329 944 2393 quae
970 2308 1105 2394 stirpem
1128 2328 1168 2369 ατ

62 2402 170 2470 suffixo
192 2417 322 2492 augent,
345 2406 477 2490 δορνατ,
501 2407 638 2489 δουρατε
661 2407 754 2494 Tyrt.
781 2413 827 2488 11,
850 2411 889 2474 37
913 2398 1061 2488 δούρασι.

115 2496 221 2588 ἔρως.
267 2506 369 2572 (luins
402 2508 580 2594 simplicior
612 2507 711 2593 stirps
744 2507 922 2592 conspicua
953 2515 1001 2572 est
1030 2507 1065 2570 in
1093 2499 1169 2588 ἔρος

60 2599 204 2688 Theogn.
220 2609 300 2672 1322
323 2610 414 2691 (mp.)
436 2616 467 2672 et
489 2599 629 2688 ἲμερτιῦν
657 2597 761 2690 ἔργον
787 2599 830 2684 ἐξ
858 2598 954 2687 ἔρον
988 2598 1168 2688 ἱέμενον)

59 2698 197 2786 Theogn.
233 2709 313 2772 1064
334 2703 480 2788 (Mimn.),
516 2729 578 2794 quo
601 2727 673 2772 curn
694 2704 766 2770 loeo
798 2695 1169 2784 confermentetur
1251 2755 1254 2764 .

60 2793 177 2875 πόσιοςΙ
193 2797 251 2864 καὶ
273 2797 409 2886 ἐδητύος
430 2799 474 2883 ἐξ
493 2797 585 2887 ἔρον
608 2797 696 2867 ἕντο
719 2825 802 2890 quae
823 2803 964 2868 formula
985 2804 1074 2892 apud
1096 2803 1168 2870 Ho-

59 2919 176 2964 merum
201 2905 238 2966 19
260 2900 340 2966 locis
360 2901 488 2988 legitur,
510 2903 610 2968 veluti
635 2906 670 2974 A
685 2909 745 2972 169
768 2910 838 2982 eta,
860 2911 1031 2989 praeterea
1052 2901 1083 2964 Ω
1107 2907 1167 2968 227
1268 2965 1274 2975 .

59 2989 138 3082 ἐπὴν
165 2993 245 3080 γόου
277 2994 314 3077 ἒξ
334 2993 409 3082 ἔρον
434 3000 513 3088 εἵην,
538 3012 570 3068 et
590 3002 700 3089 hymn.
723 3002 757 3066 in
778 3000 886 3088 Apoll.
908 2999 1003 3084 Pyth.
1024 3001 1073 3083 Π,
1095 3006 1167 3068 321.

56 3093 181 3162 Plenior
203 3107 236 3163 et
257 3099 407 3164 usitatior
429 3102 529 3188 stirps
552 3095 774 3187 &perlegitur
802 3099 901 3166 Areh.
931 3122 981 3184 ep.
1008 3103 1079 3168 103:
1107 3119 1167 3186 φι-

57 3187 187 3279 λότητος
207 3190 300 3280 ἔρως.

114 3288 216 3371 Ζεύς
246 3304 313 3362 tres
345 3297 440 3364 nobis
472 3298 671 3366 demonstrat
702 3299 831 3384 stirpes.
880 3295 1028 3378 Quarum
1060 3297 1168 3384 prima

57 3400 103 3456 est
124 3394 196 3456 Aul
222 3394 377 3460 Sanserit.
408 3395 463 3461 div
482 3399 521 3477 ¹),
552 3420 649 3486 quam
677 3397 772 3462 Iones
796 3405 827 3460 et
850 3395 953 3462 Attiei
974 3397 1008 3460 in
1037 3395 1166 3462 easibus

57 3489 190 3556 oblieuis
212 3493 383 3558 adhibent:
406 3494 483 3562 Sim.
507 3504 536 3578 7,
557 3503 606 3564 94.
630 3495 694 3562 Sol.
719 3505 748 3579 4,
772 3503 799 3562 1.
823 3495 970 3582 Theogn.
994 3503 1019 3561 1.
1043 3503 1089 3562 11.
1115 3503 1167 3562 15;

56 3582 156 3666 Διός)
180 3591 283 3657 addas
307 3593 451 3680 Theogn.
484 3601 540 3662 197
567 3588 707 3660 Διόθεν·
736 3593 841 3662 altera
868 3598 932 3658 st
962 3595 1072 3676 (Διεο,
1100 3594 1166 3660 Set.

56 3685 155 3774 djau),
171 3711 253 3778 quae
275 3714 316 3756 ex
332 3695 451 3780 priore,
471 3694 578 3760 vocali
602 3704 706 3774 aucta,
728 3695 871 3758 nascitur
892 3704 988 3778 atque
1009 3694 1044 3758 in
1066 3695 1165 3758 nomi·

55 3789 167 3853 nativo
185 3799 215 3854 et
235 3794 387 3859 vocativo
409 3803 560 3880 apparet:
583 3786 667 3869 Ζεύς
689 3793 768 3858 Sim.
790 3799 818 3875 7,
839 3795 888 3858 93.
931 3792 1042 3858 Mimn.
1066 3799 1095 3874 2,
1120 3799 1165 3861 16.

56 3884 200 3972 Theogn.
222 3895 283 3958 337
306 3901 364 3958 eto.
410 3891 752 3981 Zai:Areh.ap.88‚
778 3900 803 3958 1.
848 3891 993 3978 Theogn.
1024 3897 1081 3960 731
1106 3902 1166 3960 eto.

124 4106 151 4171 1)
172 4102 288 4162 Grundz.
308 4112 356 4163 543
374 4125 414 4179 sq.
