3148 4958
884 451 923 514 66

317 629 540 718 „facillimum
561 637 609 692 est
629 627 672 692 ad
693 625 955 714 intellegendum}
978 638 1132 716 tanquam
1156 641 1279 696 vestem
1303 629 1465 696 induerint

350 729 502 814 genetivi,
525 727 589 792 alia
612 726 724 809 dativi,
748 727 813 792 alia
835 729 1028 812 accusativi3
1051 729 1171 794 multae
1183 731 1374 796 suffixorum
1391 735 1464 817 'quo-
1557 747 1558 770 ³

245 859 249 866 »
350 828 487 892 rundam
508 850 569 914 ope
583 827 742 892 formatae
756 835 839 909 sunt,
862 849 997 912 quorum
1013 827 1206 912 significatio
1223 829 1465 896 similitudinem

262 925 266 932 ’
350 937 384 992 ct
404 929 630 1013 cognationem
660 949 730 991 cum
760 949 893 991 casuum
925 927 1204 994 terminationibus
1231 953 1296 996 nou
1317 929 1465 996 dissimu-

349 1028 409 1110 lat3
438 1028 488 1092 his
518 1027 677 1092 accedunt
710 1036 817 1092 autem
851 1025 1031 1113 permultae
1053 1049 1188 1112 quarum
1210 1039 1318 1094 vestes
1337 1029 1466 1094 illorum

351 1128 541 1214 corporibus
563 1126 802 1192 accommodari
822 1147 887 1189 non
908 1137 1062 1211 possunt:
1093 1151 1175 1215 quae
1202 1151 1300 1214 quum
1328 1130 1466 1216 vestigia
1557 1207 1558 1224 χ

350 1251 430 1314 prae
442 1250 475 1292 se
490 1228 595 1292 ferant
610 1249 743 1291 casuum
766 1224 934 1312 paullatim
954 1227 1050 1312 quasi
1063 1226 1305 1310 defunctorum,
1329 1251 1466 1316 quorum
1557 1229 1558 1310 l

349 1350 483 1392 munera
496 1327 676 1414 syntectica
688 1325 877 1414 plerumque
894 1347 987 1390 casus
1002 1328 1192 1412 superstites
1210 1329 1466 1414 susceperunffl),
1505 1393 1511 1406 ,
1557 1355 1558 1416 J

348 1427 504 1514 reliquiae
528 1425 693 1513 putandae
714 1435 792 1511 sunt
809 1427 966 1512 temporis
989 1425 1241 1512 cujusdemque
1265 1425 1466 1492 Graecorum

348 1526 459 1611 lingua
482 1527 604 1612 majore
627 1515 723 1610 quam
746 1533 861 1609 postea
882 1546 1014 1590 casuum
1044 1527 1139 1612 copia
1160 1525 1318 1590 utebatur.
1363 1527 1467 1591 Sicuti
1557 1531 1558 1608 l

350 1627 434 1689 enim
457 1625 586 1712 physici
606 1625 708 1688 nostri
726 1633 815 1687 etex
830 1633 1029 1708 argonautae
1052 1627 1162 1711 sepiae
1172 1627 1365 1712 omninoque
1385 1645 1465 1712 pau·
1557 1615 1558 1674 l

229 1805 234 1817 ,
350 1748 460 1790 corum
485 1724 613 1788 illorum
644 1746 685 1788 ex
713 1722 943 1810 cephalopodis
979 1725 1188 1810 superstitum
1215 1733 1334 1788 natura
1361 1735 1395 1790 et
1423 1747 1466 1790 ex

350 1825 600 1889 ammonitarum
629 1824 932 1890 orthoeeratitarum
960 1824 1192 1909 goniatitarum
1222 1834 1466 1910 ceterorumque

348 1925 442 2012 hujus
464 1925 592 2010 generis
614 1923 896 1988 intermortuorum
925 1923 1071 2008 reliquiis
1099 1923 1358 2009 copiosissimum
1387 1923 1466 1990 olim

349 2048 421 2090 cum
448 2025 571 2090 formae
600 2034 668 2088 tum
696 2024 818 2109 speciei
851 2025 1011 2088 varietate
1041 2023 1141 2086 fuisse
1167 2021 1465 2109 cephalopodcrum
1557 2041 1558 2106 ζ

347 2148 449 2209 genus
471 2123 558 2188 haud
578 2122 770 2210 spernendis
798 2123 997 2207 argumentis
1012 2121 1177 2210 judicant:
1204 2123 1251 2188 ita
1280 2122 1392 2206 nobis,
1421 2145 1466 2187 ex
1557 2179 1558 2214 p

348 2246 410 2309 quo
439 2224 583 2289 homines
612 2222 791 2287 doctissimi
819 2231 850 2286 et
878 2222 1098 2307 sagacissimi,
1128 2245 1267 2309 quorum
1296 2222 1394 2287 duces
1424 2245 1472 2288 ae
1557 2221 1558 2232 ’

348 2324 495 2408 signiferi
513 2345 578 2387 non
598 2320 807 2386 Mennofantii
828 2321 883 2386 isti
906 2330 980 2386 sunt
991 2323 1046 2406 qui
1060 2323 1201 2387 omnium
1217 2321 1466 2409 disciplinarum

348 2432 380 2486 et
401 2423 586 2508 linguarum
608 2419 797 2506 peritissimi
820 2421 1137 2503 essesibividentur,
1160 2421 1218 2486 sed
1228 2421 1349 2508 Boppii
1359 2421 1465 2486 Hum-

349 2521 466 2586 boldtii
479 2520 631 2586 Grimmii
650 2519 750 2582 Pottii
771 2517 829 2582 alii
849 2519 970 2604 linguis
991 2519 1269 2606 Indogermanicis
1290 2519 1466 2606 diligenter

349 2621 546 2707 comparatis
567 2619 697 2702 linguae
719 2619 893 2703 imaginem
916 2629 1012 2684 antea
1039 2630 1187 2706 opertam
1213 2629 1245 2686 et
1269 2622 1364 2708 quasi
1391 2619 1464 2706 pul-
1557 2611 1558 2690 ζ

348 2743 424 2785 vere
450 2718 624 2784 obductam
662 2716 873 2782 ostenderunt
900 2719 1012 2784 nitidis
1045 2731 1076 2784 et
1109 2721 1269 2807 speciosis
1298 2719 1464 2786 coloribus
1557 2709 1558 2786 l

348 2821 471 2907 pictam
493 2820 625 2906 ejusque
648 2818 750 2881 vitam
772 2817 841 2882 sive
862 2817 1034 2884 historiam
1056 2843 1098 2884 ex
1117 2821 1260 2886 tenebris
1283 2841 1322 2884 ac
1332 2819 1462 2884 nebulis

348 2923 381 2984 in
403 2919 507 2983 lucem
529 2925 763 3006 protraxerunt
776 2916 1001 2983 ⁴clarissimam
1023 2919 1180 3006 ctjudieii
1202 2920 1350 2984 acumine
1373 2941 1462 2984 erro·

347 3041 398 3082 res
413 3020 610 3083 inveteratos
633 3016 828 3105 expulerunt
839 3017 1026 3103 permultos,
1046 3019 1093 3083 ita
1106 3018 1211 3103 nobis,
1233 3021 1376 3105 inquam,
1395 3041 1463 3083 non
1557 3043 1558 3104 3

346 3117 562 3184 dubitandum
584 3126 634 3182 est
653 3119 730 3202 quin
755 3117 852 3184 fuerit
874 3116 1037 3202 quondam
1059 3128 1187 3205 tempus
1208 3118 1373 3206 quoddam
1395 3141 1461 3206 quo
1557 3131 1558 3144 ¹

346 3242 418 3284 cum
442 3217 579 3292 aliorum
599 3227 667 3282 tum
690 3215 889 3282 Graecorum
916 3215 1030 3301 lingua
1059 3221 1156 3282 etiam
1177 3216 1291 3284 laetius
1313 3217 1460 3282 uberius·
1557 3253 1558 3302 3

346 3341 407 3405 que
429 3340 525 3402 quam
547 3316 610 3381 illis
638 3315 839 3404 temporibus
876 3337 918 3380 ex
952 3315 1069 3403 quibus
1096 3316 1139 3382 ad
1166 3339 1225 3382 nos
1254 3319 1361 3404 prima
1389 3319 1462 3404 ejus

347 3419 494 3505 pervenit
514 3416 630 3480 notitia
651 3416 805 3480 floruerit.
848 3415 1002 3480 irrisores
1025 3416 1155 3503 quidem
1178 3425 1209 3481 et
1221 3425 1461 3502 contemptores

345 3517 461 3582 studiis
482 3515 546 3580 illis
568 3526 601 3579 et
622 3515 750 3580 fuerunt
770 3513 861 3578 multi
881 3506 916 3578 'et
928 3513 1034 3578 adhuc
1057 3523 1148 3589 sunt3
1171 3537 1242 3580 esse
1264 3525 1371 3580 autem
1385 3537 1460 3602 per·
1557 3533 1558 3600 j

344 3617 461 3682 multas
481 3637 548 3698 res,
581 3614 811 3700 grammaticas
837 3615 1056 3699 potissimum,
1080 3637 1160 3700 quas
1191 3615 1245 3702 qui
1276 3623 1364 3678 recte
1392 3623 1460 3680 tra-
1557 3677 1558 3684 ,

344 3727 431 3780 ctare
451 3739 489 3780 ac
511 3714 697 3803 perspicere
715 3712 802 3794 velit,
824 3735 890 3778 non
911 3713 1058 3798 angustis
1073 3714 1168 3778 unius
1187 3713 1317 3799 linguae
1338 3713 1461 3780 finibus

413 3960 438 4023 2)
453 3956 494 4011 Cf.
515 3957 550 4013 G.
575 3959 687 4015 Curtius
705 3959 944 4031 Verhandlungen
967 3960 1016 4014 der
1037 3960 1402 4033 philologenversammlung
1426 3961 1458 4016 in

341 4039 460 4094 Meissen
479 4043 564 4114 [1863]
585 4063 611 4115 p.
625 4048 656 4098 48
674 4063 714 4115 sq.
731 4075 764 4084 —
783 4045 815 4098 B.
835 4043 978 4098 Delbrlick
996 4045 1111 4099 Ablativ
1128 4045 1223 4100 localis
1237 4046 1459 4100 instrumentalis

341 4125 377 4176 im
395 4126 577 4180 altindischen
595 4128 776 4182 lateinischen
794 4127 982 4198 griechischen
1002 4129 1059 4184 und
1079 4129 1230 4184 deutschen
1247 4130 1320 4185 Berl.
1337 4133 1410 4185 1867.
1557 4127 1558 4136 ¹
