3056 4968
860 405 918 472 tta

783 489 993 502 m

329 587 450 648 tanda
471 583 547 670 ligo,
567 583 671 652 ilecto.
705 584 798 665 Quae
821 587 995 672 originatio
1018 588 1095 672 quia
1108 607 1248 673 nequas
1262 585 1449 652 litterarum

329 685 455 750 ratione
477 684 648 768 abhorret,
682 695 713 752 et
742 708 815 750 eum
836 686 929 752 verbi
960 685 1196 773 significatione
1228 687 1449 773 optimemon·
1519 761 1520 766 γ

330 785 419 868 gruit
439 783 489 860 (of.
513 786 638 865 πεῖσμα
666 784 753 870 quod
780 808 822 850 ex
842 786 957 858 eadem
985 807 1057 850 asse
1086 795 1191 852 ortum
1216 783 1329 852 radios
1348 805 1449 850 nemo

330 880 504 960 dubitabit)
518 906 583 950 non
597 884 694 950 video
709 907 766 950 eur
781 885 863 950 alias
884 885 1183 972 eireumspioiamus
1201 883 1449 970 explicationes.
1519 881 1520 962 Ῐ

392 981 447 1046 Ex
479 982 529 1048 his
563 1005 646 1071 quae
679 983 778 1050 modo
807 983 1076 1074 perlustravimus
1103 983 1261 1070 exemplis
1294 992 1451 1070 apparet,

330 1104 396 1147 non
417 1083 603 1147 necessario
634 1104 676 1146 ex
703 1089 744 1145 dn
771 1083 1006 1152 assimilatione
1032 1083 1103 1150 fieri
1131 1106 1173 1146 aa
1200 1081 1295 1149 utin
1316 1103 1451 1144 meroen·

330 1183 439 1244 norma
460 1185 571 1265 (quam
593 1183 797 1270 scripturam*
813 1184 944 1268 optimis
965 1182 1135 1251 eodieibus
1164 1181 1343 1252 stabilitam
1372 1203 1451 1245 esse

331 1277 564 1346 Fleckeisenus
591 1280 732 1346 tituliL
762 1304 792 1367 p.
813 1286 851 1346 19
864 1304 910 1370 sq.
931 1283 1104 1370 perspioue
1132 1281 1263 1360 dosuit).
1291 1279 1386 1360 ¹Quat
1418 1283 1451 1344 in

333 1399 369 1442 re
391 1379 452 1444 etsi
474 1378 623 1446 oodioum
646 1382 873 1450 auctoritatem
898 1403 970 1448 esse
993 1379 1190 1468 sequendam
1210 1379 1350 1446 libenter
1371 1401 1451 1444 oon-

332 1476 485 1560 oedimus‚
507 1499 567 1564 per
581 1499 616 1544 se
631 1487 819 1545 tamennon
838 1478 957 1544 falsam
978 1480 1086 1548 fuisse
1095 1477 1235 1546 alteram
1250 1481 1450 1564 scripturam

334 1575 572 1658 *mercenariaa
595 1599 638 1642 ex
658 1576 766 1642 multis
788 1579 835 1644 eie
859 1578 969 1646 verbis
987 1576 1198 1662 intellegitur,
1220 1579 1255 1642 in
1277 1577 1398 1665 quibus
1421 1586 1451 1641 et

331 1676 496 1760 geminata
515 1675 625 1742 littera
646 1675 799 1744 scribitur
820 1686 853 1744 et
875 1676 1016 1764 simplex
1037 1701 1069 1744 v.
1085 1699 1111 1744 e.
1131 1700 1260 1758 proaem
1283 1685 1315 1741 et
1326 1699 1450 1757 prosas.

843 1845 872 1926 ς.
899 1849 945 1908 tt.

395 1977 426 2034 D
448 1972 551 2040 eiecta
572 1981 647 2038 ante
669 1961 906 2040 sibilantem
928 1981 1056 2040 etanta
1080 1985 1098 2038 t.

396 2069 507 2136 Multis
530 2070 661 2159 quidem
692 2073 726 2136 in
748 2073 842 2139 bonis
864 2093 963 2138 manu
985 2073 1117 2159 seriptis
1138 2071 1199 2138 has
1218 2073 1362 2142 formas:
1395 2079 1446 2134 ad-

333 2175 452 2250 sentire,
473 2174 628 2250 adsiduus,
650 2177 824 2252 adsui-qm,
846 2178 951 2234 adsum
972 2175 1113 2258 scriptas
1125 2172 1320 2254 memmae,
1343 2181 1443 2236 osten-

333 2269 380 2334 dit
400 2277 508 2336 tamen
522 2269 630 2336 Plauti
649 2293 732 2359 quae
754 2269 908 2357 vulgatur
929 2271 1150 2337 annominatio
1171 2269 1284 2347 (Poen.
1297 2271 1327 2353 1,
1339 2275 1368 2352 2,
1382 2274 1446 2346 eu:

393 2368 450 2434 Mi.
472 2373 600 2432 adsum
620 2376 705 2450 apud
726 2383 752 2434 te
774 2393 875 2434 seeum
887 2369 899 2456 ΙΙ
921 2369 985 2456 Ag.
1006 2393 1058 2450 epo
1079 2373 1176 2434 sltem
1197 2375 1240 2432 aia
1260 2377 1326 2434 volo

331 2468 398 2532 iam
418 2467 600 2554 antiquiore
612 2475 761 2556 tempore
775 2469 942 2536 Romanos
960 2492 1061 2533 ossum
1076 2469 1305 2556 pronuntiasse
1321 2493 1381 2557 pro
1394 2477 1445 2534 ad·

331 2589 406 2630 aum.
441 2563 507 2632 Sed
526 2567 561 2630 in
571 2565 622 2632 his
635 2567 717 2654 ipsis
730 2590 813 2655 quae
826 2569 1015 2636 enumeravi
1027 2568 1215 2654 compositis
1231 2570 1445 2656 perspicuitas

334 2665 447 2750 magis,
471 2685 567 2752 quam
589 2667 820 2752 pronuntiandi
841 2667 1054 2734 oommoditas
1076 2678 1192 2740 oruata
1212 2676 1269 2734 est

341 2825 342 2828 ,
395 2761 471 2837 Alia
488 2773 542 2832 est
558 2765 646 2832 'ratio
668 2766 702 2834 in
724 2765 899 2834 verborum
918 2767 1126 2848 formatione,
1146 2768 1176 2832 si
1190 2765 1311 2834 suffixa
1332 2789 1353 2832 a
1374 2766 1445 2831 den·

333 2861 391 2927 tali
419 2875 431 2924 t
450 2863 640 2950 incipientia
661 2887 733 2929 oum
757 2863 913 2952 stirpibus
940 2868 1079 2951 quaein
1102 2865 1265 2934 dentalem
1287 2865 1444 2948 desinunt,

332 2970 449 3034 eoeunt
470 2971 502 3028 et
527 2965 562 3026 in
583 2965 825 3050 coniugatione,
853 2963 910 3036 ubi
938 2964 981 3030 ad
1004 2957 1135 3036 easdem
1155 2966 1276 3051 stirpes
1296 2966 1441 3030 termina·

332 3062 437 3128 tiones
458 3065 486 3124 ai
507 3085 546 3128 ae
573 3076 632 3126 tam
652 3063 820 3132 aeeedtmt
860 3069 895 3128 D
922 3073 998 3130 ante
1018 3090 1043 3126 a·
1061 3074 1117 3132 aut
1143 3063 1344 3152 assimilatur
1373 3063 1440 3130 sibi·

333 3160 414 3226 lanti
445 3170 501 3226 aut
528 3162 740 3248 productione
768 3164 970 3252 suppletoria
999 3164 1175 3229 evanescit.
1218 3163 1379 3228 Suffixum
1401 3176 1441 3225 tus

292 3272 295 3279 “
333 3261 368 3324 in
399 3259 526 3325 duabus
549 3261 666 3343 formis
697 3264 870 3328 manifesto
905 3261 1070 3329 servatum
1103 3271 1152 3327 est
1184 3262 1333 3328 aPaulo
1357 3261 1440 3328 Festi

334 3359 547 3446 epitomatore
569 3361 708 3444 traditis,
731 3364 786 3450 qui
807 3385 840 3450 p.
862 3370 897 3432 6:
930 3369 1088 3444 adpretas,
1119 3361 1240 3448 inquit,
1274 3362 1363 3449 apud
1382 3361 1438 3426 En-

333 3460 423 3526 nium
443 3464 602 3538 „adpretos
614 3465 704 3538 sari“
725 3485 785 3548 pro
811 3485 847 3527 eo
871 3461 957 3548 quod
980 3469 1030 3526 est
1051 3460 1226 3547 adgressus
1248 3463 1393 3548 ponitur,
1412 3468 1440 3524 et

290 3609 292 3614 .
334 3581 366 3646 p.
387 3563 443 3626 78:
464 3571 607 3640 „spretas
627 3568 660 3624 et
683 3565 826 3642 adpretaa
848 3583 890 3626 ex
913 3560 1041 3626 Graeco
1063 3567 1137 3624 sunt
1162 3557 1266 3626 dueta*
1283 3561 1364 3628 oet“
1390 3559 1437 3623 At·

210 3657 212 3660 ’
330 3679 397 3744 ,qua
417 3657 480 3724 hoo
497 3670 618 3738 aeratae
642 3659 710 3727 sine
732 3659 831 3728 dubio
853 3683 913 3746 pro
935 3681 1071 3741 equiem
1094 3659 1216 3727 dietum
1238 3669 1297 3726 est.
1326 3659 1437 3724 'Iulis

335 3755 461 3823 duobus
494 3757 656 3844 exemplis
686 3763 838 3847 (quorum
862 3760 1066 3846 primariam·
1079 3759 1221 3826 formam
1245 3759 1348 3826 inisse
1369 3759 1437 3820 *ad-

332 3861 478 3934 pred-tus,
497 3855 669 3936 *estred-tas
690 3859 773 3922 iuter
795 3877 905 3924 omnes
925 3879 1011 3924 nuno
1031 3865 1169 3938 constat)
1190 3864 1212 3923 d
1234 3867 1310 3924 ante
1328 3871 1340 3921 t
1359 3857 1436 3924 eiioi·

334 3961 404 4034 tur,
426 3953 534 4020 media
557 3956 698 4020 fortasse
718 3957 826 4022 forma
846 3957 1032 4039 *adpretiata
1058 3958 1250 4044 interposita
1272 3959 1343 4032 (eir.
1365 3977 1437 4044 quae

335 4052 421 4118 infra
443 4073 659 4140 exponemus,
682 4064 714 4120 et
734 4055 889 4122 Corsseni
910 4056 1017 4144 symb.
1037 4057 1106 4124 erit
1118 4079 1160 4144 p.
1180 4063 1253 4136 417)
1274 4080 1339 4122 non
1360 4053 1436 4145 quod
