3056 4968
181 785 368 872 Lyricae
390 794 429 850 et
450 773 628 851 comicae
649 787 789 874 poesis
810 771 1074 874 comparatio.¹

151 949 265 1036 Atque
284 949 328 1016 ad
347 949 527 1038 lyricorum
547 959 718 1038 poetarum
732 949 975 1018 similitudinem
991 973 1065 1018 oum
1080 954 1185 1018 omnis

68 1052 254 1116 carminum
277 1049 479 1116 choricorum
500 1059 618 1116 natum
645 1059 743 1138 atque
769 1049 896 1116 indoles
917 1073 1013 1138 quam
1034 1051 1184 1137 proxime

69 1148 213 1231 accedit,
247 1156 317 1213 tum
343 1147 497 1214 nonnulla
518 1148 678 1236 quaedam
701 1151 829 1217 cantica
855 1158 981 1215 antam
1003 1151 1129 1236 spirant
1150 1158 1183 1216 et

69 1250 305 1313 sententiarum
319 1246 550 1312 sublimitatem
566 1255 598 1312 et
612 1245 785 1316 verborum
806 1247 1034 1335 granditatem,
1055 1257 1090 1312 ut
1102 1247 1184 1314 haec

69 1348 201 1436 quidem
225 1371 297 1412 cum
319 1349 433 1434 quovis
455 1345 591 1412 Pindari
610 1349 753 1412 carmine
774 1346 869 1412 facile
895 1367 1074 1434 compares.
1118 1345 1184 1412 Sed

68 1445 107 1511 de
128 1447 195 1511 hac
218 1447 385 1512 artissima
403 1443 592 1532 tragoediae
614 1444 764 1512 Graecae
792 1469 865 1512 cum
893 1448 983 1534 poesi
1004 1445 1108 1534 lyrica
1129 1469 1182 1511 ne·

68 1545 268 1610 cercitudine
289 1543 346 1610 ubi
365 1553 512 1612 extrema
533 1543 595 1609 hac
620 1543 840 1632 disputatione
869 1546 1055 1610 accuratius
1077 1545 1184 1612 dicen·

68 1643 144 1709 dum
167 1645 248 1726 erit,
277 1651 346 1708 turn
377 1643 504 1707 demum
531 1645 643 1730 quanti
667 1645 861 1732 praesertim
880 1643 1017 1710 Pindari
1036 1646 1183 1711 carmina
1282 1707 1286 1715 .

68 1743 130 1808 sint
150 1743 308 1809 momenti
336 1741 378 1808 ad
407 1741 527 1807 formas
554 1745 745 1830 peregrinas
774 1766 857 1832 quae
884 1745 919 1808 in
940 1742 1182 1828 tragoediarum

67 1843 203 1906 canticis
227 1841 376 1928 leguntur
397 1839 588 1906 iudicandas
605 1851 637 1907 et
658 1842 880 1930 explicandae,
902 1840 1035 1930 pianum
1056 1851 1088 1906 et
1108 1864 1182 1907 eon·

68 1941 303 2027 epiouum‘iiet.

149 2039 387 2107 Diverbiorum
408 2048 516 2104 autem
538 2040 643 2104 oratio
670 2039 736 2104 iam
759 2039 881 2104 dudum
906 2061 979 2104 cum
1001 2038 1181 2105 comoedia-

67 2161 136 2203 rum
156 2161 279 2226 genere
302 2137 449 2221 dicendi,
476 2138 562 2223 quod
583 2159 625 2202 ex
646 2139 877 2226 Aristophanis
897 2137 1017 2204 fabulis
1038 2138 1180 2206 luculen·

67 2239 191 2303 tissime
231 2238 451 2324 cognoscitur,
488 2239 674 2325 comparari
709 2248 825 2325 coepta
861 2245 919 2304 est.
971 2237 1023 2302 Ita
1057 2236 1182 2304 scilicet

68 2334 308 2425 Aristophanes
329 2336 525 2402 cotidianam
555 2359 632 2402 suae
654 2338 771 2402 aetatis
801 2336 932 2402 dicendi
951 2337 1109 2402 radonem
1131 2360 1180 2402 se·

68 2437 185 2522 quitur,
208 2445 248 2501 ut
267 2437 302 2502 in
325 2435 480 2503 diverbiis
497 2435 671 2502 admodum
692 2457 814 2523 paucas
837 2441 1024 2502 constanter
1045 2445 1181 2523 usurpet

69 2535 187 2602 formas
209 2537 356 2624 poeticas
379 2557 461 2621 quae
484 2535 643 2618 dicuntur,
665 2536 893 2602 usitatissimae
906 2535 1061 2600 nimirum
1075 2544 1107 2600 ct
1124 2535 1181 2602 diu

68 2635 99 2699 in
113 2635 248 2722 linguae
269 2633 398 2700 Atticae
421 2636 549 2721 copiam
566 2635 660 2722 quasi
680 2635 840 2718 adscitas3
863 2636 1045 2721 peregrinis
1065 2635 1180 2702 formis

69 2738 196 2802 omnino
224 2756 289 2800 non
310 2743 419 2800 utatur
440 2743 658 2818 -quantum
680 2733 829 2820 equidem
849 2733 1047 2821 perlustrata
1068 2757 1180 2800 earum

68 2833 244 2900 formarum
265 2832 470 2899 multitudine
492 2832 717 2920 perspexerim
731 2867 772 2880 ·-
790 2835 855 2897 nisi
876 2854 948 2898 cum
969 2833 1079 2899 iocosa
1101 2856 1179 2921 qua·

69 2929 141 2997 dam
167 2941 340 3020 poetarum
366 2933 531 3019 epicorum
557 2931 734 3018 lyricorum
761 2933 959 3017 tragicorum
988 2933 1177 2999 imitatione.
1262 2939 1264 2943 '

68 3027 216 3118 Apparet
246 3033 345 3118 igitur
379 3033 520 3118 primum
553 3031 581 3094 si
614 3053 697 3116 quae
728 3031 763 3094 in
794 3030 972 3116 tragoediis
1004 3021 1179 3097 occurrunt
1247 3114 1250 3121 Ι

68 3150 163 3196 voces
185 3131 402 3219 antiquiores,
431 3151 486 3194 eas
507 3151 573 3194 non
595 3138 772 3217 propterea
792 3128 974 3195 reiciendas
989 3139 1068 3194 'esse
1089 3129 1176 3218 quod

69 3229 237 3295 comoedia
262 3229 426 3316 praeferat
451 3229 646 3293 recentiores
667 3228 800 3294 formae.
830 3227 945 3294 Porro
967 3227 1122 3313 quidquid
1144 3231 1178 3294 in

70 3329 244 3395 comoediis
274 3329 403 3414 saepius
429 3327 547 3392 dicitur
575 3328 643 3392 sine
665 3325 732 3392 ulla
757 3325 906 3394 imitandi
932 3326 1055 3412 speeie,
1088 3326 1123 3391 id
1143 3329 1178 3394 in

68 3427 245 3512 tragoediis
267 3447 468 3511 nequaquam
492 3437 579 3491 certo
610 3423 740 3490 cuidam
768 3425 900 3490 consilio
923 3435 1019 3514 atque
1040 3426 1187 3492 artifieio.

69 3523 274 3592 tribuendum
297 3533 346 3588 est
367 3561 407 3570 —
430 3523 515 3610 quod
537 3547 602 3590 non
623 3547 700 3590 raro
722 3545 820 3589 ausus
843 3533 891 3589 est
905 3523 1121 3590 Kuehistaedt
1136 3563 1178 3574 —

71 3621 126 3686 sed
141 3627 314 3693 universae
330 3636 497 3710 poetarum
514 3623 752 3706 consuetudini3
775 3623 906 3700 minime
925 3646 1002 3688 vero
1020 3625 1177 3691 eiusmodi

69 3719 188 3789 formas
209 3725 243 3789 in
264 3723 479 3810 suspicionem
500 3721 705 3806 vocabimus3
730 3721 820 3787 velut
840 3723 921 3804 βᾶτε
941 3731 975 3787 et
995 3716 1104 3804 βάτω,
1132 3735 1176 3788 et-

71 3820 201 3888 simira
225 3824 308 3890 forte
334 3823 475 3909 cuipiam
504 3821 653 3888 videatur
678 3819 801 3888 vocalis
824 3842 862 3905 o,
894 3822 1073 3888 certissime
1102 3844 1176 3888 con-

71 3913 238 3988 firmantur
266 3921 376 3988 multis
406 3921 639 4010 Aristophanis
671 3920 753 3988 locis
787 3920 843 3988 ubi
870 3921 987 3988 similis
1013 3923 1176 3990 invenitur

71 4015 209 4084 eiusdem
232 4020 325 4085 verbi
347 4019 528 4086 declinatio.
571 4019 721 4106 Denique
742 4041 826 4107 quae
848 4021 970 4107 passim
996 4023 1031 4086 in
1052 4044 1175 4088 comoe-

73 4109 130 4178 diis
150 4116 302 4206 leguntur
323 4141 418 4186 voces
447 4119 489 4186 ab
511 4118 622 4188 Attica
643 4118 782 4188 dialecto
809 4118 950 4204 alienae,
977 4121 1097 4190 iniuria
1118 4143 1174 4189 eas
