3008 4968
767 533 971 626 Q„

379 711 454 777 Huo
474 714 612 778 referas:
1076 780 1079 785 ,

380 811 446 877 Sol.
475 822 513 876 tr.
544 819 600 896 37,
624 819 642 880 3
673 802 775 887 αὖθις
803 803 835 874 δ’
862 802 883 872 ἀ
907 813 1009 874 τοῖσιν
1038 805 1169 894 ἀπύροις
1199 811 1321 892 δρᾶσαι
1348 809 1420 887 (soil.

319 905 474 996 ἥνδανεν),
519 912 591 992 Quo
607 911 687 994 Ιοοο,
703 934 797 998 quem
812 910 989 976 Ahrensius
1013 909 1139 976 silentio
1162 913 1338 997 praeteriit,
1358 913 1419 974 sive

319 1031 443 1074 meeum
464 1011 645 1077 Hermanni
669 1012 888 1074 coniecturam
913 1001 1067 1092 χάτέροις
1088 1010 1219 1097 probas,
1242 1012 1311 1074 sive
1333 1009 1420 1074 alium

320 1109 465 1210 dativpm
488 1111 608 1174 -·hio
636 1112 720 1174 enim
749 1110 952 1173 necessarius
982 1119 1032 1172 est
1054 1145 1090 1156 —
1115 1111 1278 1192 restituis,
1306 1110 1421 1194 longior
1496 1167 1497 1190 3

318 1211 423 1275 forma
443 1235 483 1277 ne
505 1219 659 1297 ponatur,
681 1217 818 1272 metrum
839 1207 983 1294 impedit.
1027 1207 1182 1273 Fortasse
1205 1211 1333 1274 omnino
1354 1202 1422 1270 ἀτέ-

319 1331 391 1390 ροις
412 1333 478 1376 non
505 1307 742 1374 attrectandum
769 1317 835 1389 est,
866 1308 1004 1370 sirecte
1026 1309 1178 1374 statuitur
1202 1329 1222 1367 α
1243 1307 1285 1372 ab
1308 1309 1422 1392 origine

319 1408 450 1493 longum
479 1411 585 1472 fuisse.
628 1407 742 1492 Itaque
769 1407 878 1470 nescio
909 1427 951 1468 an
979 1406 1017 1471 fr.
1042 1415 1080 1472 40
1112 1429 1172 1494 pro
1202 1401 1314 1487 ἕτερος
1341 1408 1422 1469 resti-

320 1507 475 1574 tuendum
498 1509 539 1571 sit
560 1501 681 1584 ἅτερος.

381 1625 482 1711 Hipp.
505 1628 544 1690 62
570 1622 692 1686 tradita
722 1629 808 1684 sunt:
836 1613 867 1682 oi
891 1616 1006 1702 δόμεν
1030 1613 1163 1696 ὀδόντες
1184 1615 1219 1682 ἐν
1247 1621 1333 1684 τοῖσι
1356 1614 1425 1702 γνό-

322 1727 419 1786 δοισι
442 1716 563 1796 πάντες
584 1716 782 1784 κεκινέαται.
827 1720 954 1800 Quibus
983 1721 1093 1784 verbis
1115 1719 1296 1784 Ahrensius
1325 1721 1425 1806 pristi-

321 1846 397 1886 num
424 1823 562 1886 nitorem
589 1819 726 1884 reddere
755 1818 876 1884 studuit
902 1842 1102 1906 proponens:
1133 1811 1163 1881 oi
1188 1814 1226 1880 δέ
1251 1841 1312 1899 μεν
1335 1812 1426 1882 όδόν-

320 1944 373 1997 τες
387 1923 399 2005 ΔΙ
414 1949 461 1976 -υ
484 1916 518 1983 ἐν
542 1921 628 1983 τοῖσι
651 1921 834 2001 γναθμοῖσι
856 1913 980 1993 πάντες
1007 1913 1271 2001 ἐκκεκινὲαταιλλ,
1294 1919 1349 1984 ubi
1369 1942 1426 1982 non

322 2029 426 2094 solum
453 2030 487 2092 in
513 2027 686 2092 durissima
713 2027 855 2111 synizesi
875 2004 1001 2104 μενΛόδ
1021 2027 1231 2108 offendimus,
1259 2026 1425 2092 sedetiam

321 2131 354 2193 in
376 2129 482 2214 primo
503 2127 586 2214 pede
606 2148 720 2190 versus
743 2127 914 2212 sequentis.

381 2244 449 2308 Vix
476 2245 560 2308 enim
586 2242 633 2307 ibi
662 2253 773 2328 aptum
794 2239 989 2307 vocabulum
1019 2241 1171 2328 supplere
1198 2243 1329 2326 poteris.
1372 2239 1424 2304 Ao-

323 2342 421 2425 oedit,
451 2342 537 2429 quod
564 2343 598 2406 in
627 2336 908 2405 tota'oonieotura
936 2341 1177 2428 simplieitatem
1204 2339 1425 2406 desideramus.

321 2443 394 2506 Non
414 2451 523 2506 tamen
544 2440 754 2528 probaverim
767 2439 892 2525 Bergki
910 2442 1128 2506 coniecturam
1156 2433 1196 2502 Oi
1212 2435 1250 2502 δέ
1266 2461 1327 2518 μεν
1350 2433 1427 2500 πόν-

321 2562 374 2615 τες
389 2540 400 2626 ΙΙ
417 2533 548 2613 ὀδόντες
576 2536 610 2602 ἐν
629 2542 705 2626 τῇσι
726 2532 867 2620 γνάθοις
893 2535 1083 2602 κεκινὲαται
1099 2541 1110 2622 Η
1137 2539 1213 2627 quia
1235 2541 1349 2604 incisio
1370 2561 1425 2602 me-

325 2640 379 2704 dia
400 2640 628 2705 molestissima
651 2649 707 2704 est.
750 2640 904 2703 Forsitan
927 2641 1093 2726 scripserit
1117 2647 1228 2726 poeta:

821 2747 853 2816 oi
876 2746 909 2817 d'
934 2746 1066 2830 ὀδόντες
1085 2776 1146 2834 μεν

490 2847 524 2915 ἒν
544 2855 602 2940 τῇς
622 2846 782 2935 γνόθοισι
804 2847 926 2928 πάντες
945 2849 1171 2916 ἐκκεκινέαται

384 2968 462 3034 Sim.
485 2976 513 3052 7,
536 2977 569 3036 5:
592 2961 671 3032 αύτύ
696 2960 728 3032 δ’
753 2961 893 3044 ἄλουτος
914 2961 1079 3045 ἀπλύτοις
1098 2963 1130 3032 τ’
1155 2966 1189 3031 ἐν
1211 2969 1344 3050 εἵμασιν

595 3064 629 3130 ἐν
651 3061 826 3154 κοπρύῃσιν
847 3062 947 3154 ἡμένη
969 3063 1137 3132 πιαίνεται

386 3176 548 3260 ἀπλύτοις
567 3177 599 3246 τ>
615 3185 871 3250 Valckenaerius
887 3193 918 3249 et
933 3184 1097 3251 Gaisford.
1112 3189 1322 3274 seripserunt,
1338 3185 1426 3270 vulgo

323 3285 411 3372 apud
428 3283 601 3350 Stobaeum
625 3276 771 3358 ἀπλύτος
791 3276 835 3360 τ’,
857 3283 992 3350 AVind.
1013 3275 1166 3367 ἀπλσιος,
1184 3285 1294 3350 Trinc.
1308 3278 1436 3364 diaton-=

323 3405 388 3459 τος.
432 3383 613 3448 Ahrensius
645 3373 741 3452 tacite
773 3383 859 3448 huno
890 3406 1021 3448 versum
1054 3393 1089 3448 ut
1120 3385 1304 3471 exemplum
1338 3385 1427 3450 elisae

323 3484 445 3549 formae
472 3483 519 3546 sio
547 3484 654 3547 affert:
682 3475 841 3558 ἀπλύτοις
864 3478 898 3545 ἐν
923 3481 1068 3564 εἵμασιν,
1099 3483 1248 3570 copulam
1269 3483 1351 3550 nihil
1371 3504 1426 3546 mo·

323 3605 410 3664 rans,
433 3601 529 3668 quam
552 3582 664 3646 deesse
686 3584 744 3646 vix
765 3582 849 3664 lieet,
873 3575 1025 3669 ἕν-ἡμένη
1057 3584 1142 3646 enim
1165 3606 1237 3647 cum
1268 3578 1426 3646 πιαίνεται

324 3683 485 3746 artissime
508 3681 734 3767 coniungenda
755 3691 836 3746 sunt.
882 3681 964 3747 Oum
979 3695 1086 3747 tamen
1107 3673 1139 3742 τ’
1165 3683 1326 3768 particula
1347 3705 1366 3746 a
1385 3701 1426 3743 re·

325 3781 467 3844 certiore
498 3779 625 3844 demum
651 3780 804 3864 librario,
836 3793 1006 3868 postquam
1036 3773 1198 3857 ἀπλύτοις
1227 3783 1261 3846 in
1291 3774 1427 3852 ἀπλύτος

325 3888 515 3965 corruptum
536 3887 593 3962 est,
618 3879 660 3944 ad
682 3890 815 3944 metrum
837 3879 1018 3946 sanandum
1038 3883 1161 3945 inserta
1178 3880 1337 3963 videatur,
1358 3876 1426 3944 mihi

324 3981 358 4042 in
380 3987 518 4042 mentem
538 3980 628 4043 venit
649 3978 690 4043 ab
714 3981 839 4064 origine
862 3981 1018 4065 seriptum
1047 3981 1147 4044 fuisse
1170 3971 1251 4064 αύτὴ
1276 3973 1309 4041 δ’
1336 3971 1426 4041 ἀλοο·
1495 4039 1496 4044 ,

323 4099 380 4152 τος
401 4068 576 4153 κάπλύτσις
598 4072 634 4142 ἒν
656 4076 795 4158 εἵμασιν.
1245 4158 1249 4168 ἢ

308 4211 310 4218 ·
337 4199 340 4208 ’
388 4183 466 4249 Sim.
491 4189 518 4269 7,
543 4193 595 4252 74:
617 4175 701 4249 εἶσιν
724 4177 772 4248 δι’
795 4177 911 4261 ἀστεος
931 4188 1036 4249 πᾶσιν
1058 4175 1252 4269 ἀνθρώποις
1273 4180 1380 4270 γέλως.
