3088 4966
791 459 999 552 Λιμ-

339 653 456 708 verunt
485 649 630 706 oratores
664 647 696 704 et
728 648 845 726 poetae
877 639 999 704 comici.
1044 639 1281 705 Recentissima
1313 641 1444 727 denique

339 751 445 808 aetate
466 763 537 805 cum
559 737 661 803 multa
675 737 749 815 alia,
772 761 803 805 v.
819 761 845 803 c.
861 731 968 816 ε’λαία,
993 733 1081 814 ναός,
1106 749 1174 804 tum
1189 741 1444 804 terminationem

337 866 357 927 ῃ
380 841 422 905 ab
444 837 679 923 antiquissimis
702 836 915 924 scriptoribus
945 849 1222 925 recuperaverunt
1248 861 1287 903 ac
1308 838 1445 902 redinte

338 949 484 1026 grarunt,
507 959 536 1000 ει
550 959 614 1001 non
625 935 826 1024 reliquerunt
841 937 905 1001 nisi
917 938 952 1001 in
966 937 1071 1003 tribus
1086 938 1211 1022 verbis:
1232 932 1358 1021 βούλει,
1374 930 1445 1012 οἴει,

337 1032 429 1126 ῦψει.

420 1137 535 1201 Restat
563 1145 597 1200 ut
623 1135 767 1200 breviter
797 1157 1085 1202 commemoremus
1108 1136 1331 1220 Choerobpsci
1361 1158 1447 1222 prae-

337 1249 475 1324 ceptum,
499 1233 586 1322 quod
607 1235 759 1319 quoniam
779 1257 844 1300 non
858 1257 993 1322 prorsus
1008 1237 1168 1321 integrum
1184 1247 1242 1318 est,
1264 1257 1326 1322 pro
1340 1244 1449 1299 nostra

339 1337 497 1401 sententia
526 1333 642 1398 afferre
663 1333 831 1398 noluimus.
874 1334 1030 1420 Legimus
1058 1335 1093 1399 in
1114 1333 1219 1400 Bekk.
1238 1333 1366 1401 Anecd.
1397 1331 1449 1416 ΙΙΙ,

337 1459 368 1522 p.
397 1441 483 1503 1290.
509 1433 606 1498 haec:
639 1423 670 1494 oi
696 1423 887 1517 Ἀθηναῖοι
918 1429 975 1496 καὶ
998 1429 1054 1496 ε’πὶ
1084 1435 1151 1496 τῶν
1179 1427 1374 1514 βαριτύνων
1400 1429 1451 1494 καὶ

338 1531 396 1600 ἐπὶ
416 1536 474 1620 τῆς
495 1525 627 1616 πρώτης
647 1524 798 1612 συζυγίας
816 1533 883 1594 τῶν
900 1529 1164 1615 περισπωμένων
1184 1529 1223 1594 τὸ
1237 1525 1351 1613 τρίτον
1370 1525 1452 1614 πρό·
1532 1541 1533 1546 ’

337 1655 452 1698 σωπον
472 1633 532 1696 τοῦ
547 1625 752 1716 ἐνεργητικοῦ
769 1625 945 1706 ἐνεστῶτος
966 1625 1118 1714 δεύτερον
1139 1632 1278 1694 ποιοῦσι
1299 1633 1452 1716 παθιμι-

338 1729 407 1808 κύν,
431 1720 504 1797 οἷον
524 1725 635 1794 τύπτω
646 1723 774 1806 τύπτεις
791 1722 942 1793 τύπτει
963 1725 1131 1811 τύπτομαι
1151 1727 1265 1794 τύπτει
1284 1725 1454 1806 Ἀττικῶς

338 1830 395 1897 διὰ
416 1835 473 1918 τῆς
491 1836 525 1901 ἐἶ
548 1823 755 1914 διφθόμγου*
786 1825 843 1892 καὶ
870 1823 976 1892 πάλιν
997 1825 1043 1908 ῶς
1064 1822 1134 1894 ἀπὸ
1154 1832 1214 1894 τοῦ
1235 1823 1352 1912 βούλω
1375 1824 1452 1912 βού-

337 1932 408 2010 λεις
427 1925 574 2013 βούλει
595 1933 717 2013 γίνεται
732 1922 899 2010 βούλομαι
921 1923 1061 2010 βούλει
1080 1921 1251 2006 Ἀττικῶς
1272 1925 1332 1992 διὰ
1355 1932 1451 2016 vicie

337 2026 539 2120 σιφθόγγου,
563 2023 608 2106 ῶς
629 2025 722 2111 παρὰ
745 2022 946 2112 Μενάνδρῳ·

628 2140 744 2226 βούλει
767 2137 910 2229 Κνήμων
931 2135 1007 2207 εἶπέ
1025 2167 1095 2225 μοι.

337 2275 394 2344 καὶ
424 2271 529 2341 πάλιν
555 2278 646 2342 ποιῶ
655 2273 784 2352 Ιποιεῖς
812 2276 929 2338 ποιεῖ
957 2279 1118 2357 ποιοῦμαι
1144 2279 1258 2342 ποιεῖ
1283 2269 1454 2354 Ἀττικῶς

339 2375 396 2442 διὰ
412 2378 516 2464 cqc]
536 2369 741 2460 διφθόγγου·
763 2367 930 2452 πάντως
952 2369 994 2438 δὲ
1016 2368 1054 2440 oi
1072 2367 1308 2462 Ἀθηναῖοι
1332 2381 1451 2442 τοῦτο

337 2478 552 2540 ποιοῦσιν·
588 2465 694 2538 ἀλλὰ
724 2465 1016 2539 ἀκολουθοῦσι
1046 2471 1114 2540 καὶ
1145 2469 1184 2539 oi
1206 2472 1450 2560 πεζολόγοι·

338 2571 427 2640 ἐπεὶ
454 2567 490 2639 oi
518 2569 708 2656 τραγικοὶ
735 2575 858 2637 τοῦτο
887 2565 929 2638 οῦ
957 2577 1172 2655 ποιοῦσιν,
1204 2567 1279 2637 ἀλλ’
1306 2567 1452 2641 ἀκολου·

338 2677 441 2737 θοῦοι
462 2675 533 2748 τοῖς
552 2674 686 2748 κοινοῖς.
728 2673 840 2738 Vcrba
867 2669 1001 2750 πάντως
1028 2670 1065 2740 δὲ
1087 2669 1119 2738 οἱ
1139 2667 1334 2761 Ἀθηναῖοι
1356 2679 1451 2739 τοῦτο

337 2776 508 2838 ποιοῦσινι
544 2763 628 2835 ἀλλὰ
659 2765 890 2836 ἀκολουθοῦσι
923 2771 980 2837 καὶ
1007 2767 1037 2838 oi
1062 2768 1262 2857 πεζολόγοι,
1298 2778 1452 2862 quoniam
1534 2849 1535 2866 ρ

338 2876 385 2938 sic
423 2895 443 2937 a
473 2873 630 2959 scriptore
664 2873 812 2958 protecta
842 2897 913 2938 esse
950 2897 1015 2940 non
1048 2883 1200 2960 possunt,
1234 2874 1452 2962 Reisigius⁸⁰)
1534 2869 1535 2912 t

337 2974 399 3038 hac
419 2972 519 3038 fretus
547 2973 718 3037 occasione
748 2971 874 3036 medela
903 2995 981 3037 sane
1008 2974 1206 3056 gravissima
1234 2974 1368 3040 efficere
1391 2985 1450 3040 stu·

339 3073 409 3137 duit
431 3081 467 3136 ut
487 3071 543 3136 illa
555 3093 620 3136 non
637 3071 741 3136 solum
754 3072 838 3136 inter
860 3095 895 3136 se
914 3071 1028 3136 melius
1051 3071 1272 3156 cohaererent,
1298 3075 1358 3138 sed
1382 3096 1450 3138 cum

338 3174 453 3239 ceteris
492 3171 778 3256 grammaticorum
813 3172 999 3258 praeceptis
1039 3170 1081 3236 ab
1122 3173 1209 3236 omni
1245 3182 1343 3258 parte
1380 3196 1450 3237 con-

336 3281 504 3355 gruerent:
536 3268 654 3334 lacuna
675 3271 828 3333 nimirum
849 3271 1041 3356 interposita
1068 3273 1152 3336 inter
1173 3271 1270 3334 τοῦτο
1293 3273 1451 3336 ποιοῦσιν

337 3380 369 3434 et
401 3361 489 3432 ἀλλὰ
525 3359 761 3434 ἀκολουθοῦσι
795 3379 974 3436 extremam
1003 3368 1248 3456 paragraphum
1286 3368 1450 3434 contendit

315 3492 401 3534 ,non
423 3469 585 3556 pertinere
607 3467 649 3532 ad
672 3467 733 3532 hoc
751 3478 979 3556 praeceptum,
1007 3467 1066 3534 sed
1087 3467 1130 3532 ad
1152 3466 1250 3532 aliam
1272 3467 1449 3553 quamlibet

336 3591 415 3650 rem,
436 3589 534 3652 quam
554 3557 675 3653 exponi
696 3566 833 3634 desitum
850 3590 921 3632 esse
941 3571 1092 3654 opinatur
1105 3565 1155 3630 his
1170 3567 1311 3632 fortasse
1324 3567 1449 3631 verbis:

338 3660 374 3730 οῦ
404 3661 508 3747 μόνον
536 3657 567 3728 ολ
596 3662 739 3746 κωμικοὶ
766 3668 862 3728 τοῦτο
892 3669 1066 3742 ποιοῦσιν,
1103 3658 1190 3727 ἀλλὰ
1219 3657 1447 3729 ἀκολουθοῦσι

336 3763 393 3830 καὶ
416 3758 446 3829 oi
472 3758 652 3848 πεζολόγοι
681 3776 734 3834 ott.
776 3765 822 3830 At
853 3767 923 3851 quis
956 3765 998 3830 ud
1027 3775 1207 3828 extremum
1234 3764 1372 3830 lacunae
1401 3785 1446 3826 re

336 3865 478 3932 medium
501 3863 690 3943 decurrerit,
713 3867 740 3928 si
762 3864 829 3928 ulla
849 3864 1040 3951 relinquitur
1063 3863 1195 3928 lenioris
1214 3865 1445 3928 emendationis

387 4134 427 4190 80)
445 4128 536 4184 Praei.
556 4130 591 4183 ad
610 4127 677 4184 Oed.
697 4128 754 4184 Col.
773 4147 801 4200 p.
820 4133 861 4184 22.
