3034 4964
859 459 899 522 56

425 627 507 724 ᾔδεα
536 636 597 702 Th.
618 638 687 706 853.
715 641 776 706 667
789 632 904 726 ·(quod
931 657 1032 726 supra
1060 632 1286 718 restituimus);
1315 627 1418 723 ιδξδεσαν

323 735 385 802 Th.
408 743 457 803 54.
798 793 801 798 Δ

406 826 526 920 εὶδὴσω
548 830 607 902 Th.
630 839 699 903 814.

383 931 438 997 llx
464 932 515 999 his
544 935 657 1000 formis
686 933 794 1000 futuro
823 925 943 1018 εἰδήσω
967 955 1096 1021 semper
1123 935 1225 1000 utitur
1243 932 1419 1014 Herodotus,

323 1032 485 1099 Homerus
517 1043 648 1121 praeter
678 1035 817 1100 alterum
846 1025 997 1118 εἴσομαι,
1036 1025 1158 1121 ιᾔδεσαν
1185 1033 1355 1100 secundum
1382 1053 1421 1096 re·

239 1177 247 1188 ,
324 1133 499 1198 centiorem
528 1133 707 1199 Ionismum
740 1143 772 1217 et
804 1133 996 1203 Dorismum
1028 1132 1150 1198 dictum
1181 1143 1248 1208 est3
1276 1131 1421 1197 Homerus

324 1233 410 1296 enim
429 1253 595 1320 nunquam
615 1255 679 1298 non
697 1231 882 1300 breviorem
894 1233 1033 1299 formam
1046 1223 1124 1295 ἴσαν
1143 1240 1216 1320 (pro
1232 1222 1321 1320 ᾖσαν)
1340 1255 1422 1296 usur-

325 1341 398 1418 pat3
422 1340 530 1396 cetera
550 1333 617 1398 iam
639 1355 740 1420 supra
761 1333 936 1419 attigimus.
974 1329 1118 1398 Formae
1128 1331 1265 1398 Doridis
1286 1332 1422 1419 propriae

323 1422 440 1510 ἴσαμι,
463 1421 540 1507 ἴσας
562 1441 636 1515 etc,
667 1455 748 1521 quas
770 1441 981 1518 exspectares
1009 1432 1098 1519 apud
1119 1431 1279 1497 Doricum
1300 1435 1422 1518 poetam,

325 1530 353 1593 si
381 1530 524 1616 patriam
554 1531 731 1596 dialectum
761 1533 853 1618 sequi
877 1529 1049 1614 voluisset,
1087 1541 1226 1618 excepta
1253 1535 1282 1596 3.
1303 1549 1424 1615 persona

326 1627 446 1716 plurali
469 1627 605 1715 (Dorice
625 1623 747 1710 iham)
770 1630 920 1696 omnibus
940 1629 1078 1696 Graecis
1102 1629 1244 1717 probata
1263 1627 1348 1693 nullo
1367 1627 1424 1691 loco

325 1727 540 1815 reperiuntur.

388 1832 421 1905 2)
442 1827 499 1892 De
516 1827 627 1894 verbis
649 1830 682 1894 iu
703 1850 760 1910 μι,
791 1851 874 1917 quae
896 1830 1032 1916 stirpem
1050 1829 1233 1916 praesentia
1257 1825 1377 1915 syllaba
1395 1848 1425 1888 να

326 1925 369 1992 ad
389 1946 508 2014 puram
529 1929 666 2017 stirpem
685 1927 813 1994 adiecta
833 1929 990 2013 formant,
1023 1949 1130 2017 pauca
1151 1926 1369 1993 tantummodo
1389 1925 1424 1989 di·

325 2025 429 2091 cende
451 2036 532 2094 sunt

386 2125 625 2216 Nonnunquam
646 2128 744 2192 etiam
760 2127 842 2192 haec
859 2127 963 2193 verba
976 2128 1011 2192 in
1023 2127 1167 2214 priorem
1182 2127 1426 2212 coniugationem

326 2235 504 2292 transeunt
538 2225 737 2314 Exemplum
762 2236 912 2314 superest
932 2227 1022 2314 apud
1041 2225 1275 2292 Archilochum
1296 2235 1333 2290 tr.
1344 2229 1388 2302 27,
1403 2227 1428 2288 t:

328 2323 421 2403 Αναξ
438 2315 628 2402 Ἄπολλον,
659 2318 718 2388 καί
745 2341 850 2412 σφεας
880 2317 976 2391 ν’)’λλσ’
1003 2321 1115 2407 ὥσπερ
1145 2318 1310 2408 ὀλλύειςδδ
1351 2322 1428 2402 Quae

327 2426 411 2491 ratio
432 2448 497 2491 non
519 2425 622 2491 solum
648 2425 738 2514 apud
759 2425 980 2510 Herodotum,
1009 2425 1251 2515 Hippocratem
1269 2421 1428 2512 deprehen·

295 2606 301 2612 1
328 2524 426 2607 ditur,
445 2525 494 2590 sic
510 2525 573 2590 VA
593 2534 633 2593 54
656 2519 815 2607 σβεννύει,
841 2525 899 2592 sed
921 2527 1021 2592 etiam
1041 2527 1076 2590 in
1089 2525 1225 2591 Atthide
1247 2535 1280 2592 et
1301 2532 1429 2592 constan·

328 2632 378 2688 ter
398 2623 467 2688 fere
488 2624 523 2688 in
543 2623 684 2691 Doride.¹

392 2721 575 2809 Singularis
597 2725 703 2790 forma
726 2725 925 2792 coniunctivi
946 2733 1010 2789 est:

386 2820 488 2909 Hipp.
511 2831 550 2888 tr.
576 2829 623 2907 19,
646 2832 665 2890 4
686 2861 728 2872 -
750 2817 795 2900 ὡς
814 2816 858 2910 μή
879 2843 940 2904 μοι
953 2815 1092 2904 χίμεσλα
1114 2815 1288 2909 ρήγνῦσαι,
1312 2819 1365 2885 ubi
1384 2839 1429 2882 vo·
1502 2849 1503 2860 ν

327 2919 408 2986 calis
438 2920 608 2987 indicativi
639 2923 751 3013 hrevis
780 2918 972 3010 simpliciter
1002 2922 1162 3012 producta
1179 2931 1247 3012 est.
1301 2918 1429 2986 Similem
1502 2965 1503 2982 t

325 3018 441 3085 habes:
462 3042 489 3083 ω
515 3027 564 3106 89,
581 3020 714 3090 Hesiod.
728 3029 899 3090 scutr377.
930 3015 1111 3109 ῥήγνυνται.
1143 3021 1234 3086 Νσνσ
1257 3030 1349 3108 putes
1369 3039 1430 3105 pro·

329 3142 400 3184 sam
438 3123 617 3188 orationem
658 3121 739 3188 talia
770 3115 943 3210 ¹respuisse
958 3113 971 3197 ;Ἰ
1010 3123 1158 3208 conferas
1197 3120 1284 3188 enim
1321 3116 1430 3184 Platon.

326 3218 492 3286 Phaedon.
526 3244 557 3340 p.
590 3227 629 3287 77
649 3220 692 3285 B:
727 3214 821 3298 ὅπως
849 3217 895 3308 μὴ
923 3214 1197 3312 δνασκεδάννσσαι
1226 3213 1246 3305 ἡ
1276 3216 1361 3310 ψυχὴ
1386 3209 1432 3279 καὶ

332 3308 415 3406 αὐτῇ
435 3321 495 3382 σοῦ
517 3341 604 3384 ειναι
624 3321 723 3384 τοῦτο
743 3313 840 3396 τέλος
861 3309 897 3407 ᾖ,
926 3319 1007 3388 ibid.
1028 3319 1061 3384 D
1083 3311 1352 3396 διασκεδάννυσι,
1378 3316 1431 3382 alia

329 3416 364 3481 id
383 3420 541 3504 genus.¹⁶)
1076 3506 1078 3510 Ι

388 3516 443 3581 Ex
475 3519 592 3584 ceteris
627 3541 710 3603 quae
726 3519 806 3586 ‘huc
840 3527 990 3608 spectant
1024 3516 1135 3586 verbis
1171 3519 1316 3584 maxime
1346 3516 1431 3600 dignu

326 3623 410 3698 eunt,
431 3638 514 3704 quae
536 3627 843 3684 commemorentur:
865 3617 1078 3706 participium
1093 3617 1187 3682 verbi
1202 3607 1333 3699 δ’λλσμι,
1357 3610 1430 3707 quod

326 3716 418 3802 epice
451 3706 634 3799 σύλόμσνσς
668 3717 803 3784 dicitur:
837 3719 981 3804 Theogn.
1010 3723 1078 3783 272.
1111 3723 1180 3786 390.
1210 3717 1270 3786 768
1291 3725 1371 3798 ete,
1399 3713 1433 3776 ac'

325 3812 419 3878 verbi
457 3805 573 3897 δρνσμι
609 3817 789 3904 perfectum
823 3809 927 3904 domoc
963 3815 1108 3902 Theogn.
1143 3821 1203 3884 909
1237 3825 1270 3882 et
1305 3815 1428 3881 coriatus

380 4047 422 4121 15)
438 4049 577 4120 Meineke‚
589 4049 781 4106 vindiciarum
793 4049 1041 4106 Strabonianarum
1054 4045 1127 4118 h'brl,
1145 4063 1174 4120 p.
1190 4051 1238 4104 194
1246 4063 1314 4120 sqq.,
1327 4047 1428 4100 Bacun·

202 4169 205 4174 -
293 4218 297 4223 .
327 4133 384 4189 lein
403 4133 674 4207 „Untcrsuchungen
690 4135 777 4191 ucber
794 4134 838 4189 die
856 4133 1047 4206 griechischen
1061 4133 1156 4189 Modi“
1173 4127 1299 4205 pag.'163
1316 4147 1371 4202 sqq.
