3008 4968
573 459 630 522 179

55 656 111 701 non
132 633 313 702 habendam
344 658 414 700 esse
441 637 507 702 iam
538 639 603 726 ipsi
623 637 782 704 Athenaei
810 635 887 702 libri
912 637 1071 720 indicant,
1104 639 1159 726 qui
1211 641 1216 653 '
1245 655 1247 660 ·

55 743 121 820 post
138 728 274 819 πέτραςε
296 725 325 798 τ’
349 734 504 801 exhibent
525 743 611 814 (nam
634 737 673 802 de
694 759 792 803 versu
815 739 933 802 omisso
948 740 1006 802 vix
1021 739 1159 824 cogitari

55 839 171 918 potest).
214 833 361 918 Accedit,
385 835 471 922 quod
492 834 572 900 illud
596 827 708 918 ὀρείας
730 835 925 900 adiectivum
948 839 1027 902 satis
1043 859 1155 923 super·

54 954 219 996 vacaneum
242 943 300 1000 est.
343 931 506 1000 Fortasse
520 936 619 1020 igitur
642 934 726 1000 dixit
746 944 856 1021 poeta:
878 930 1003 1018 πέτρας
1024 931 1159 1018 γέραιος

63 1032 451 1111 ΠΕΤΡΑΣΓΕΡΑΙΟΣ)
473 1057 587 1117 „nunc
603 1057 672 1098 cum
697 1056 797 1100 senex
819 1035 899 1100 est.“

127 1131 218 1196 Alias
247 1131 408 1197 vocalium
445 1141 477 1196 et
507 1131 782 1220 diphthongorum
818 1134 1011 1198 mutationes
1045 1131 1157 1220 quales

55 1231 284 1316 conspiciuntur
313 1233 348 1296 in
375 1220 423 1300 clv
455 1254 514 1317 pro
551 1221 615 1296 o'v'v
652 1241 711 1296 etc.
741 1230 885 1296 consulto
916 1231 1044 1314 omitto,
1082 1233 1158 1318 quia

54 1327 193 1416 exempla
214 1331 370 1415 pauciora
391 1338 472 1394 sunt

556 1497 586 1576 ἓ.
609 1500 637 1564 8.

309 1661 362 1726 De
383 1661 496 1726 formis
517 1659 629 1726 solutis
652 1668 684 1724 et
706 1661 890 1730 contractis.

129 1832 156 1905 1)
178 1825 282 1909 Iones,
303 1847 376 1892 cum
398 1829 433 1892 in
454 1848 613 1894 concursu
624 1825 763 1890 duarum
777 1824 829 1890 vel
840 1825 980 1912 plurium
996 1825 1156 1892 vocalium

55 1945 105 1988 non
130 1924 337 2008 offenderent,
360 1936 392 1990 et
415 1928 449 1990 in
472 1927 622 2012 stirpium
651 1934 682 1990 et
703 1925 966 1990 terminationum
987 1924 1155 1990 vocalibus

55 2021 86 2086 ab
106 2025 232 2109 origine
254 2024 382 2106 solutis,
416 2048 497 2112 quas
522 2023 606 2090 aliae
626 2022 772 2105 dialecti,
801 2025 976 2109 praecipue
996 2025 1157 2088 recentior

54 2119 160 2206 Attica,
183 2124 218 2186 in
234 2145 332 2188 unam
348 2125 583 2190 coniunxerunt
599 2121 768 2210 syllabam,
784 2122 974 2209 plerumque
985 2124 1155 2210 pristinam

54 2219 177 2286 formam
200 2233 381 2289 servarunt
405 2260 446 2270 —
465 2221 651 2288 Admodum
671 2243 746 2286 raro
769 2223 1024 2288 contractionem
1037 2221 1154 2286 admis-

55 2340 110 2384 sam
132 2320 290 2390 videmus.
693 2322 697 2332 ’

122 2429 152 2500 a)
173 2421 225 2486 Ac
246 2423 387 2508 primum
409 2420 540 2509 quidem
561 2441 596 2484 so
627 2428 659 2484 et
684 2439 739 2484 eov
761 2418 891 2484 vocales
924 2419 1081 2506 peculiari
1103 2443 1154 2486 ra·

55 2519 128 2583 tione
148 2522 182 2586 in
211 2519 335 2603 formis,
357 2541 439 2607 quae
462 2527 610 2606 spectant
632 2517 675 2601 ad
702 2518 915 2602 substantivi,
944 2521 1154 2606 pronominis,

55 2617 132 2682 vorbi
153 2618 314 2684 flexuram
336 2641 436 2705 saepe
458 2621 492 2683 in
513 2617 674 2704 syllabam
697 2639 731 2681 ev
749 2617 944 2684 coalescunt.
985 2619 1085 2706 Apud
1106 2620 1155 2684 Io·

55 2736 102 2778 nas
123 2727 230 2782 autem
251 2719 318 2782 iam
344 2717 420 2782 inde
449 2717 491 2782 ab
519 2717 743 2803 antiquissimo
772 2728 917 2804 tempore
948 2739 984 2782 eo
1007 2717 1155 2784 similiter
1231 2797 1233 2802 ,

56 2821 137 2899 atque
163 2838 198 2879 ao
227 2815 464 2904 diphthongum
491 2817 737 2904 pronuntiatum
759 2839 846 2899 esse,
875 2818 1058 2884 testimonio
1082 2827 1156 2882 sunt

57 2915 186 2980 carmiha
205 2915 392 2982 Homerica.
435 2913 573 2980 For'mas
594 2917 693 2990 enim,
721 2915 777 2980 ubi
806 2937 838 2982 so
870 2917 904 2980 in
932 2937 966 2978 eo
994 2916 1155 3002 syllabam

57 3021 117 3094 coit,
138 3013 177 3078 ab
198 3013 388 3080 Homeridis
410 3016 473 3080 nisi
496 3038 537 3080 ex
558 3015 636 3080 lade
658 3015 782 3080 hauriri
803 3037 869 3081 non
890 3016 1049 3102 potuisse,
1079 3015 1155 3080 inde
1207 3067 1209 3082 .

57 3121 187 3196 apparet,
210 3112 298 3199 quod
320 3113 434 3178 cadem
456 3115 633 3180 contractio
661 3121 832 3200 praeterea
858 3123 982 3178 tantam
1004 3115 1038 3178 in
1060 3115 1155 3180 Dori·

58 3205 98 3270 dis
117 3212 222 3296 specie
244 3213 387 3297 quadam
414 3213 456 3278 ab
478 3214 673 3278 Homericae
699 3213 808 3297 poe'sis
836 3211 911 3276 sede
932 3214 1011 3278 satis
1037 3235 1155 3298 magno

50 3305 212 3372 'intervallo
239 3321 378 3394 remota,
411 3311 509 3400 idque
538 3313 660 3376 recenti
688 3310 816 3374 demum
842 3321 1001 3398 tempore,
1035 3313 1155 3375 usitata

58 3415 123 3468 crat.
162 3407 430 3476 Pronuntiatione
457 3421 564 3476 autem
593 3412 685 3496 quasi
712 3409 886 3474 fluctuante
907 3411 991 3475 inter
1011 3431 1046 3473 ao
1069 3419 1100 3474 ct
1120 3431 1154 3471 eo
1231 3461 1251 3486 „

59 3538 90 3548 -
108 3504 165 3569 hac
186 3505 257 3570 sola
276 3511 401 3574 ratione
423 3510 547 3597 patefit,
570 3531 627 3574 cur
640 3531 700 3594 pro
723 3530 758 3571 ev
775 3509 862 3596 quod
878 3509 919 3574 ab
937 3511 1062 3596 origine
1075 3517 1153 3592 erat,

59 3603 152 3668 valeo
173 3605 273 3672 scribi
294 3611 436 3694 potuerit
463 3611 496 3676 in
517 3608 610 3674 titulo
630 3608 750 3694 Amph.
779 3614 875 3692 2008,
898 3615 926 3678 3.
949 3615 987 3691 20
1010 3601 1154 3693 pedraca,

60 3701 190 3786 φευγέτω
226 3721 257 3770 et
287 3707 322 3770 in
348 3706 595 3793 Phanagorensi
632 3713 711 3774 atat
742 3699 957 3788 Ἐοπάμονος
982 3743 1024 3754 -
1053 3707 1155 3772 elucet

60 3806 150 3884 poetis
171 3805 299 3870 licuisse
319 3805 415 3871 modo
445 3828 480 3869 so
502 3805 600 3870 modo
624 3827 658 3868 ev
690 3808 723 3870 in
743 3829 841 3871 versu
862 3801 1029 3892 usurpare.
1072 3806 1155 3871 For·

60 3907 134 3965 tasse
154 3905 331 3990 antiquiore
352 3913 497 3992 tempore
518 3905 614 3970 Iones
643 3905 832 3992 plerumque
854 3927 889 3968 aa
910 3905 1053 3970 nondum
1077 3908 1154 3970 scri-

62 4006 145 4080 ptura
166 4003 406 4090 exprimebant,
434 4004 468 4068 id
496 4003 584 4092 quod
611 4003 792 4092 complures
814 4005 898 4070 tituli
929 4013 963 4068 et
988 4005 1091 4069 codex
1120 4003 1155 4068 M

63 4094 204 4165 Herodoti
233 4106 278 4179 (in
306 4103 413 4168 forma
441 4125 510 4186 εος,
543 4113 575 4168 et
606 4105 639 4166 in
671 4105 780 4170 verbis
812 4105 903 4190 puris
929 4105 997 4168 fere
1027 4127 1154 4190 semper

893 4201 945 4254 12*
