3034 4964
867 419 887 480 e

316 601 397 668 alter
412 609 510 688 poeta
525 601 660 668 alterum
676 602 821 666 imitatus
843 605 892 662 est
914 597 954 673 (is
970 598 1024 685 qui
1040 597 1197 685 hymnum
1213 595 1413 691 interpolavit,
1485 591 1486 600 ’

317 710 353 768 ut
373 699 522 777 videtur,
553 700 803 776 Mimnermum).
847 695 944 777 Quod
966 697 1078 762 eadem
1102 695 1206 762 verba
1227 692 1285 780 τὴν
1310 696 1413 758 σαυτοῦ
1486 777 1487 780 ¹

317 800 462 886 Theogn.
485 807 545 868 795
569 800 757 882 traduntur,
784 797 833 863 'ad
861 805 1006 862 nostram
1034 797 1226 860 sententiam
1256 794 1417 860 detrectari·
1486 785 1487 796 ¹

317 899 393 964 dam
414 921 479 965 non
498 900 597 966 velet.
643 898 750 980 Quam
779 919 877 984 saepe
898 895 1027 960 librarii
1053 894 1105 961 vel
1134 894 1277 982 sylloges
1305 916 1416 980 compo·

317 1000 398 1064 sitor
419 997 540 1064 formas
561 997 813 1064 introduxerunt
834 995 1008 1082 vulgares!

378 1097 417 1162 In
438 1097 651 1186 Xenophanis
673 1095 799 1180 verbis,
828 1119 902 1162 cum
924 1118 964 1160 ex
987 1093 1105 1158 iambis
1130 1093 1232 1180 petita
1254 1092 1417 1173 videantur,

316 1197 501 1264 necessario
538 1219 610 1262 cum
640 1195 887 1262 Schneidewino
922 1192 1145 1281 reponendum
1180 1202 1230 1258 est
1262 1188 1417 1274 ἐμεωνιόν,

318 1295 414 1362 modo
433 1297 650 1383 fragmentum
672 1297 846 1383 genuinum
869 1296 911 1358 sit
932 1292 1007 1373 (vid.
1031 1300 1152 1380 supra).

382 1395 506 1461 (leteris
528 1396 609 1461 locis
631 1395 835 1482 pronominis
851 1393 1001 1458 reflexivi
1018 1402 1130 1480 partes
1152 1393 1308 1468 (maxime
1321 1394 1420 1457 tertiae

319 1501 490 1583 personae)
524 1496 667 1582 suscepit
698 1485 798 1569 αὐτὸς
828 1515 1009 1580 pronomen
1036 1515 1078 1558 ex
1109 1493 1242 1577 antiquo
1271 1494 1419 1580 epicorum
1489 1543 1490 1582 γ

319 1616 419 1660 more.
467 1593 632 1659 Praebent
663 1592 794 1681 quidem
822 1591 869 1658 ibi
898 1613 1025 1680 quoque
1058 1591 1150 1656 multi
1178 1589 1307 1656 codices
1334 1584 1418 1653 αὑτοῦ

318 1694 457 1760 formam
488 1693 717 1780 compositam,
753 1692 850 1756 etiam
881 1692 986 1776 magis
1021 1689 1110 1778 apud
1142 1689 1201 1755 bos
1233 1691 1420 1778 antiquiores

319 1801 435 1880 poetas
459 1801 641 1880 suspectam
656 1813 753 1880 quam
775 1784 904 1867 ἑαυτοῦ,
928 1789 986 1856 sed
998 1800 1034 1856 ut
1047 1783 1232 1856 videbimus
1246 1789 1421 1877 plerumque
1490 1845 1491 1876 r

316 1894 388 1972 fere
408 1893 463 1978 qui
486 1892 656 1958 deterioris
677 1891 754 1956 fidei
776 1898 859 1958 sunt.
901 1889 977 1956 Huc
998 1911 1078 1976 ergo
1100 1891 1277 1977 pertinent:

382 1991 529 2080 Theogn.
557 1997 631 2059 440:
661 1986 719 2054 τὸν
749 1981 781 2052 d'
812 1981 915 2054 αὐτοῦ
947 1981 1037 2054 ἴδιον
1070 1980 1168 2052 οὐδὲν
1200 1983 1422 2076 ἐπιστρέφεται

321 2091 401 2171 (soil.
422 2085 514 2169 νόον)
536 2095 606 2160 479.
629 2097 683 2160 8οε
705 2080 819 2154 οὐκέτι
839 2089 945 2166 κεῖνος
959 2089 1042 2175 {lupe
1063 2079 1164 2152 edred
1185 2082 1335 2175 γλώσσης
1355 2112 1423 2171 καρ-

320 2187 416 2274 τερὸς
444 2181 522 2254 οὐδὲ
544 2183 641 2272 νόου,
663 2196 756 2255 'unus
777 2188 965 2256 Athenaeus
991 2188 1091 2254 habet
1113 2181 1215 2252 αὑτοῦ
1238 2188 1308 2268 (sed
1329 2198 1423 2254 tamen

322 2283 421 2376 αὐτῆς
439 2289 600 2377 praebent
613 2289 711 2366 PVL,
732 2279 833 2352 αὐτοῦ
848 2287 896 2365 O).
926 2291 1003 2354 895:
1023 2281 1154 2373 γνώμης
1175 2279 1208 2350 d‘
1229 2280 1326 2352 οὐδὲν·
1341 2279 1423 2369 όμει-
1492 2309 1493 2344 ι

321 2412 378 2454 νον
399 2379 481 2476 ἀνὴρ
503 2382 570 2467 diget
591 2380 691 2464 αὐτὸς
719 2383 754 2451 ἐν
780 2378 870 2472 αὐτῷ
894 2386 954 2468 (Α,
976 2380 1011 2451 ἕν
1034 2408 1071 2470 γε
1092 2380 1198 2472 ἑαυτῷ
1221 2391 1321 2455 ceteri
1340 2389 1423 2465 libri).

321 2494 382 2556 955
419 2481 537 2566 (αὑτοῦ
571 2487 668 2574 dgn)
708 2494 786 2558 1009
821 2487 960 2567 (Mimo.)
994 2493 1081 2554 1217.
1117 2493 1170 2556 18:
1204 2482 1334 2576 μήποτε
1365 2510 1422 2568 παρ

321 2584 478 2652 κλαίοντα
510 2580 737 2668 καθεζόμενοι
771 2581 976 2670 γελάσωμεν,
992 2586 1003 2671 ΙΙ
1036 2586 1107 2662 τοῖς
1138 2578 1248 2651 αὐτῶν
1283 2581 1423 2673 ἀγαθοῖς,

322 2677 421 2770 Κόρό
447 2680 708 2770 ἐπιτερπόμενον
730 2680 851 2766 (αὑτῶν
872 2685 1045 2770 bdbmn)‚
1068 2685 1122 2752 hic
1138 2687 1241 2754 solum
1256 2681 1425 2776 adrdgpri·

322 2807 409 2851 mam
430 2808 607 2874 personam
629 2786 799 2873 signifieat.
832 2786 926 2867 Quae
948 2809 1021 2852 cum
1043 2809 1156 2852 veram
1169 2787 1266 2854 nobis
1280 2791 1424 2855 rationem

321 2885 481 2969 indicent,
504 2885 651 2973 Theogn.
673 2891 733 2954 539
759 2909 824 2952 non
846 2883 993 2952 curanda
1013 2895 1064 2950 est
1086 2885 1233 2952 codicum
1255 2887 1424 2954 Adfhmn

324 2984 487 3070 scriptura
509 2979 608 3070 αόσῴ,
633 2995 665 3052 et
684 2994 773 3051 recte
795 2985 941 3050 lecerunt
961 2985 1102 3052 editores
1117 2985 1312 3053 scribentes:
1332 2981 1426 3060 πέδας

321 3076 516 3163 χαλκεύεται
536 3076 635 3170 αὐτῷ.
677 3085 805 3152 Eodem
834 3086 905 3150 iure
927 3084 1021 3172 Tyrt.
1046 3093 1093 3167 10,
1115 3093 1134 3156 3
1165 3086 1222 3152 ubi
1251 3088 1286 3152 in
1307 3086 1425 3176 'optimis

245 3235 246 3238 ι
321 3182 469 3270 Lycurgi
490 3184 658 3251 codicibus
671 3184 737 3250 AB
762 3185 871 3264 (etiam
892 3185 926 3248 in
941 3184 1018 3264 LP)
1039 3183 1173 3271 legitur:
1196 3181 1257 3270 τὴν
1280 3177 1313 3250 δ’
1338 3180 1425 3250 αὑτοῦ

322 3276 534 3364 προλιπόντα
555 3277 673 3362 πόλιν,
696 3294 728 3350 et
747 3283 1012 3350 tantummodoZ
1033 3284 1138 3350 codex
1159 3284 1328 3352 deterioris
1344 3293 1426 3351 notae

208 3440 218 3456 ,
321 3381 420 3448 babet
442 3375 553 3460 αὑτοῦ,
578 3405 650 3448 cum
671 3383 817 3470 Bergkio
839 3384 1048 3469 corrigimus:
1069 3380 1127 3470 τὴν
1148 3376 1180 3446 d'
1205 3377 1316 3453 αὐτοῦ.

383 3479 568 3546 Pronomen
593 3481 673 3546 illud
696 3472 861 3548 αὗταοτοῦ
890 3491 949 3549 etc.
993 3483 1139 3550 Doribus
1168 3507 1265 3571 quam
1296 3485 1426 3550 maxime

325 3578 489 3668 peculiare
510 3580 676 3666 Theognis
707 3589 739 3645 et
760 3579 923 3665 Tyrtaeus
948 3605 1013 3648 non
1040 3583 1075 3646 in
1097 3582 1218 3668 elegias
1241 3588 1425 3672 receperunt

384 3684 415 3756 3)
436 3679 494 3744 De
516 3680 755 3766 pronomine
776 3681 1027 3766 possessivo:

385 3778 500 3844 Tertia
520 3801 663 3866 persona
686 3772 732 3854 ὅς,
758 3773 788 3864 ἢ,
814 3771 853 3843 όν
874 3781 979 3866 poetis
1001 3789 1033 3844 et
1053 3780 1186 3848 Ionibus
1207 3779 1425 3848 recentioribus

320 3877 490 3957 (Herodot.
508 3877 534 3963 Ι,
556 3883 629 3955 205)
652 3878 851 3961 communis,
871 3879 1048 3946 invenitur:

383 3977 475 4064 Tyrt.
501 3983 589 4062 10,2
618 3975 695 4062 περὶ
722 3965 741 4066 ᾗ
777 3971 916 4062 πατρίδι
943 3973 1161 4062 μαρνάμενον.
1205 3981 1347 4068 Theogn.
1367 3981 1424 4046 920.

258 4098 260 4102 ·
321 4075 398 4142 Sim.
418 4082 447 4158 7,
472 4083 550 4144 112:
571 4074 627 4165 τὴν
648 4066 686 4165 ἣν
707 4070 741 4142 δ’
769 4072 904 4155 ἕκαστος
925 4071 1066 4145 αἰνέσει·
1081 4078 1093 4165 ll
1109 4081 1255 4164 γυναῖκα.
