3070 4962
78 617 444 704 aBergkicMimnermo
467 619 688 686 ascribuntur:
710 641 774 684 vss.
791 621 922 694 527-83
945 622 1097 700 tot-70,
1121 624 1182 686 877

77 723 136 800 -8,
170 722 322 801 939-42,
357 725 490 802 983-8,
529 724 699 802 1007-12,
734 725 904 800 1063-70,
937 721 1107 800 ttae-32,
1145 741 1185 784 ac

81 823 205 885 tots—8
220 818 372 905 (probata
386 819 512 906 Bergki
526 820 733 902 coniectura),
751 841 816 883 non
830 816 934 884 solum
952 819 1028 904 quia
1042 819 1184 884 maxime

78 915 239 981 abhorrent
261 940 281 982 a
303 920 412 1005 poesis
434 941 510 984 vere
533 919 766 1006 Theognideae
788 919 934 1004 ingenio,
965 916 1086 1002 optime
1103 918 1183 1002 'eon-

76 1025 183 1102 gruuut
203 1039 278 1082 cum
301 1017 486 1084 Mimnermi
509 1021 618 1107 podsi,
647 1021 824 1086 sedetiam
847 1017 923 1104 quia
944 1037 1048 1102 nuper
1068 1015 1182 1082 Fride·

76 1117 150 1181 ricus
177 1116 378 1194 Niatnschc5)
409 1121 534 1205 optimo
561 1120 802 1186 demonstrasse
832 1115 912 1182 mihi
944 1115 1072 1182 videtur
1099 1139 1182 1198 eum,

78 1217 122 1302 qui
140 1215 223 1282 hanc
245 1215 394 1303 syllogen
423 1219 572 1301 instituit,
596 1229 711 1306 potitae
732 1219 855 1286 Dorico
877 1215 1060 1282 inserendis
1081 1217 1182 1282 versi·

77 1313 140 1397 bus,
172 1317 226 1403 qui
252 1316 320 1382 eius
348 1317 492 1384 moribus
519 1319 726 1385 vehementer
747 1325 982 1406 repugnarent,
1015 1316 1182 1380 infamiam

78 1435 195 1478 movere
218 1414 369 1482 voluisse.
411 1417 529 1482 Utrum
551 1429 658 1484 autem
679 1441 789 1484 omnes
811 1417 858 1484 illi
879 1438 993 1482 versus
1019 1419 1093 1482 1231
1112 1437 1181 1505 sqq.

77 1514 122 1600 qui
139 1514 288 1601 inscripti
311 1523 385 1580 sunt
410 1519 521 1597 μοῦσα
542 1514 684 1604 παιδικὴ
712 1524 743 1593 (a
770 1541 821 1583 me
847 1525 925 1582 ncta
953 1540 1010 1596 rap
1037 1516 1179 1601 signati),

77 1615 210 1698 exceptis
232 1637 298 1680 vss.
323 1621 463 1682 stoa-4
485 1619 540 1704 qui
564 1631 600 1684 ut
620 1618 759 1684 fortasse
777 1619 874 1683 etiam
896 1621 1036 1685 maa-o
1054 1615 1181 1684 Solonis

77 1721 148 1794 sunt,
169 1712 363 1780 Mimnermo
385 1714 550 1782 tribuendi
579 1719 657 1800 sint,
687 1741 726 1782 ea
748 1740 830 1806 quae
853 1725 901 1781 est
922 1715 1089 1782 Nietzschi
1111 1739 1180 1782 sen·

77 1814 173 1895 tentia,
196 1835 238 1878 an
261 1815 367 1900 potius
385 1814 442 1890 alii
456 1825 583 1903 poetas,
605 1817 638 1882 in
654 1817 753 1882 dubio
768 1815 922 1902 relinquo.
953 1815 1035 1881 Mihi
1049 1815 1181 1902 quidem

77 1911 290 1978 aMimnermi
310 1914 457 1999 ingenio,
489 1915 583 2002 quale
606 1925 745 2002 apparet
765 1917 798 1980 in
821 1916 1011 2001 fragmentis
1033 1925 1180 1980 veterum

77 2013 244 2078 testimonio
274 2013 304 2078 ei
336 2007 505 2101 ascriptis,
532 2017 628 2080 nimis
656 2014 753 2080 alieni
780 2014 939 2080 videntur.
984 2013 1050 2100 Sed
1071 2023 1180 2080 tamen

76 2108 165 2176 Ionici
182 2112 322 2178 alicuius
339 2123 456 2200 poetae
469 2125 556 2181 certe
574 2125 657 2182 sunt.
671 2151 714 2162 -
730 2116 768 2180 In
785 2115 915 2180 relicuis
930 2113 1080 2180 versibus
1096 2113 1181 2180 hanc

77 2211 221 2276 rationem
249 2214 416 2298 ingressus
444 2237 530 2296 sum,
562 2224 599 2280 ut
627 2237 738 2280 omncs
767 2237 827 2302 pro
857 2219 935 2280 vere
958 2213 1179 2299 Theognideis

77 2307 234 2389 haberem3
264 2311 358 2377 aliter
380 2315 465 2378 enim
487 2313 568 2379 nihil
590 2314 659 2379 fere
682 2314 798 2400 profici
819 2313 982 2382 videbam.
1026 2311 1179 2379 Ceterum

77 2406 137 2474 licet
154 2409 326 2478 nonnullos
347 2434 462 2478 versus
483 2451 525 2462 -
547 2422 685 2479 atcerte
705 2414 825 2480 factum
847 2422 897 2479 e'st
916 2449 959 2462 -·-
976 2413 1100 2480 Dorico
1122 2436 1180 2500 po·

78 2515 135 2574 'etue
154 2510 237 2576 falso
260 2513 477 2598 ascripserim,
501 2515 558 2601 qui
580 2515 712 2601 proprie
725 2514 829 2580 Ionici
851 2521 968 2601 potitae
986 2513 1180 2579 velSolonis

77 2605 269 2676 Atheniensis
292 2619 415 2694 essent,
444 2613 520 2694 hcc,
552 2615 618 2678 ut
609 2637 643 2678 ιιι
663 2613 728 2678 fine
748 2613 847 2724 totius
869 2613 1099 2698 disputationis
1122 2613 1177 2679 do·

79 2706 156 2792 oto,
177 2711 275 2797 parvi
295 2714 449 2777 momenti
472 2721 528 2778 ost.

143 2809 190 2874 Ne
212 2817 321 2874 tamen
342 2820 452 2898 putes,
476 2835 549 2877 cum
569 2814 602 2876 in
625 2811 676 2877 his
697 2811 941 2898 quaestionibus
962 2811 1179 2898 elegiacorum

78 2905 214 2995 reliquias
236 2931 303 2974 una
325 2932 399 2975 cum
420 2911 614 2997 fragmentis
628 2911 778 2978 iambicis
794 2911 1105 2996 comprehenderim,
1127 2934 1179 2977 me

78 3004 156 3070 nimis
178 3005 311 3074 diversa
332 3019 508 3093 tractasse,
535 3033 667 3076 monere
687 3014 766 3076 satis
789 3021 852 3093 est,
885 3033 983 3098 saepe
1005 3019 1179 3096 utrumque

80 3107 170 3188 poesis
194 3129 297 3193 genus
320 3108 361 3174 ab
389 3132 452 3176 uno
482 3110 659 3198 eodemque
691 3120 790 3197 potita
817 3109 980 3175 excultum
1016 3111 1116 3188 essef)
1148 3119 1180 3175 et

79 3200 215 3272 dialectos
238 3207 341 3272 multa
369 3212 552 3276 communia
576 3210 706 3276 habere.
751 3206 909 3276 Conferas
930 3209 1072 3275 maxime
1094 3231 1179 3298 quae

78 3299 109 3365 ds
126 3305 284 3373 trochaeis
306 3317 337 3372 et
359 3308 473 3395 epodis
496 3309 646 3374 diximus.

145 3402 188 3468 Ut
215 3404 256 3470 de
285 3409 466 3474 recentiore
487 3409 566 3476 Iade
597 3413 686 3476 ¹recte
714 3409 860 3475 iudicare
888 3431 1033 3496 possem,
1066 3432 1176 3475 omnes

78 3502 236 3588 scriptores
267 3505 385 3589 Ionici,
422 3509 478 3595 qui
508 3529 611 3594 usque
638 3510 681 3575 ad
707 3510 811 3599 quinti
838 3507 960 3574 saeculi
987 3509 1085 3574 finem
1109 3509 1178 3574 fers

77 3599 221 3686 vixerunt,
242 3604 324 3670 mihi
344 3607 541 3694 inspiciendi
563 3618 665 3674 erant.

144 3701 254 3792 ltaque
297 3727 377 3774 usus
416 3729 488 3773 sum
523 3708 715 3796 fragmentis
758 3717 906 3774 veterum
949 3681 1177 3775 historicorum

80 3823 271 3840 Ἢ...-

147 3882 196 3948 ι)
188 3899 217 3936 m
234 3885 349 3957 egregia
367 3886 568 3960 dissertatione,
587 3889 664 3946 cuius
681 3889 778 3946 titulus
791 3895 845 3944 est:
864 3889 937 3960 „Zur
950 3887 1116 3946 Geschichte
1128 3890 1178 3946 dor

78 3955 317 4035 Theognideischen
326 3930 607 4045 Spruohsammludg‘
615 3974 685 4028 Mus.
697 3973 823 4030 Rhenan.
842 3929 895 4029 vdl.
904 3969 996 4042 XXII,
1015 3978 1099 4045 prot
1115 3993 1175 4046 sqq.

149 4050 172 4115 6)
188 4049 277 4105 Etiam
296 4051 464 4110 Simonidem
481 4057 580 4112 Suidas
606 4061 634 4110 ot
654 4058 779 4112 Eudocia
802 4073 912 4112 carmen
935 4058 1088 4128 elegiacum
1105 4077 1176 4114 oom-

80 4129 184 4192 possim
200 4138 346 4194 testantur.
382 4137 426 4194 De
444 4139 620 4211 Xenophane
637 4139 763 4198 conferas
780 4141 863 4213 Diog.
884 4142 935 4196 La.
955 4141 1002 4213 IX,
1022 4147 1047 4216 ι,
1067 4147 1107 4200 18.
