3034 4964
838 378 858 442 8
1098 409 1111 446 ι

353 557 462 622 Etiam
484 556 571 644 apud
594 556 796 624 Herodotum
819 555 974 622 articulus
995 579 1225 645 nonnunquam
1247 556 1293 619 ita
1312 577 1395 619 usur-

291 666 398 746 patur.
432 655 570 722 Duobus
584 655 785 744 Theognidis
807 656 888 721 locis
911 677 1092 742 pronomen
1116 655 1397 720 demonstrativum

291 759 360 821 sive
386 755 542 820 articulus
572 757 804 821 nominativum
826 755 962 842 pluralis
989 777 1103 837 maso,
1136 755 1192 842 qui
1219 753 1398 840 plerumque

290 878 443 920 unacum
457 856 657 920 nominativo
682 857 763 942 sing.
787 848 857 940 ὁ,ἡ
882 864 915 918 et
935 853 1053 940 plurali
1075 847 1110 916 at
1131 876 1151 918 a
1174 855 1275 940 stirpe
1297 875 1334 916 sa
1353 851 1399 914 de-

291 956 427 1037 rivatur,
450 954 568 1020 format
595 976 637 1018 ex
665 955 838 1042 stirpata,
872 975 955 1040 quae
982 954 1017 1018 in
1048 952 1179 1018 casibus
1206 951 1345 1036 obliquis
1366 973 1400 1014 oe

290 1063 405 1120 neutro
426 1051 546 1139 plurali
576 1061 608 1117 et
631 1053 790 1140 singulari
810 1052 960 1118 adhiberi
987 1051 1082 1117 solet:
1110 1056 1185 1118 305:
1223 1047 1283 1114 Tol
1308 1042 1401 1112 κακαί
1493 1055 1495 1112 3'

291 1152 349 1235 (A,
371 1152 427 1219 rel.
450 1145 502 1229 oi).
529 1159 617 1221 1061.
645 1158 679 1218 2:
714 1145 745 1214 oi
769 1146 831 1233 μὲν
859 1147 920 1233 γὰρ
945 1147 1107 1236 κακότητα
1136 1143 1401 1236 κατακρύψαντα
1494 1185 1495 1188 =

291 1245 419 1330 ἄξουσιν
433 1249 446 1336 ΙΙ
461 1245 606 1335 πλούτῳ,
627 1248 679 1315 τοὶ
701 1243 733 1313 d’
758 1242 876 1335 ἀρετὴν
896 1241 1060 1337 οὐλομένῃ
1082 1243 1185 1336 πενίῃ.
1207 1255 1281 1328 (936
1301 1243 1402 1331 χώρης
1493 1297 1495 1328 ,

292 1351 445 1426 ιῖκουσιν,
466 1344 522 1414 τοί
539 1371 574 1414 τε
595 1344 816 1434 παλαιότεροι
836 1349 956 1414 nullius
977 1352 1131 1416 momenti
1153 1359 1216 1433 est3
1245 1371 1321 1414 nam
1342 1371 1401 1412 vss.

294 1455 417 1518 eat-8
439 1449 523 1516 male
546 1451 704 1516 contracti
731 1458 806 1514 sunt
828 1471 869 1512 ox
892 1449 986 1536 Tyrt.
1011 1456 1058 1532 12,
1081 1455 1236 1532 37-423
1268 1447 1316 1512 ibi
1338 1447 1401 1512 Sto·
1494 1507 1495 1512 ,

292 1549 395 1614 baeus
424 1547 526 1614 tradit
556 1541 682 1613 ci'sovo'
714 1543 751 1611 ἐκ
779 1541 887 1632 χώρης
919 1546 956 1610 οἳ
983 1570 1019 1610 τε
1051 1541 1291 1631 παλαιότεροι).
1335 1547 1403 1610 Hac

292 1648 399 1712 forma
421 1656 453 1712 et
473 1648 628 1712 feminina
649 1641 707 1710 ταί
732 1648 895 1736 antiquior
918 1646 1077 1714 dialectus
1100 1649 1227 1714 Dorica
1248 1653 1293 1725 (et
1307 1647 1401 1710 Boeo·

293 1749 370 1824 tica)
392 1755 578 1812 constanter
599 1749 710 1813 utitur.
752 1747 866 1834 Itaque
888 1748 985 1811 etiam
1007 1748 1042 1811 in
1063 1746 1125 1812 hae
1147 1770 1183 1812 re
1205 1745 1400 1811 animadver-

208 1907 210 1910 .
292 1855 344 1911 tas
366 1855 498 1933 poetam
519 1854 645 1912 tantum
664 1845 802 1912 Homeri
831 1845 1096 1924 consuetudinem
1125 1845 1319 1935 adoptasse,
1353 1844 1402 1931 qui

190 1947 195 1954 ’
293 1954 464 2034 utramque
483 1945 621 2010 formam
643 1945 796 2010 admittit.

354 2045 539 2109 Pronomen
572 2043 864 2110 demonstrativum
896 2031 1007 2118 οὗτος,
1048 2042 1135 2132 quod
1168 2065 1240 2108 cum
1272 2041 1402 2108 articulo
1492 2047 1493 2054 ’

295 2145 512 2229 compositum
534 2152 583 2208 est
604 2144 693 2230 apud
709 2142 933 2228 Theognidem
955 2143 1134 2234 aspiratam
1150 2143 1246 2209 modo
1259 2144 1403 2223 sormam,

294 2264 391 2328 quam
413 2237 502 2328 apud
524 2243 719 2326 Homerum,
741 2243 848 2326 lonas,
869 2242 1005 2324 Atticos,
1026 2241 1172 2329 praebet.
1214 2233 1328 2330 ltaque
1349 2245 1403 2310 638

295 2327 398 2408 οὗτοι.
424 2346 503 2407 1057
526 2328 627 2404 αὗται
647 2341 808 2428 leguntur,
829 2365 896 2408 non
917 2342 1044 2406 Dorica
1062 2343 1186 2418 ταῦτοι,
1210 2344 1336 2404 rascas.

356 2439 460 2506 Sicuti
480 2441 654 2506 articulum
675 2442 722 2506 sic
745 2443 843 2506 etiarn
864 2463 1044 2529 pronomen
1068 2440 1258 2523 relativum,
1289 2441 1404 2527 quippe

295 2539 383 2628 quod
397 2549 510 2605 natum
534 2541 576 2604 sit
587 2561 629 2604 ex
644 2541 746 2628 stirpe
760 2540 977 2628 pronominali
998 2542 1011 2604 i
1032 2541 1084 2618 (of.
1096 2541 1168 2606 Lat
1180 2543 1240 2622 i·s;
1263 2531 1315 2602 ἴα
1324 2537 1404 2624 quod

296 2638 414 2726 Cyprii
440 2661 501 2726 pro
529 2631 630 2702 αὐτὸν
657 2638 821 2718 dicebant)
852 2639 965 2706 addito
994 2663 1029 2704 o:
1055 2637 1147 2728 j·d-c
1173 2640 1225 2718 (cf.
1254 2639 1404 2705 Sansorit.

290 2740 412 2826 j·a-s),
440 2733 495 2820 ός,
528 2761 757 2826 nonnunquam
785 2761 825 2804 ex
855 2739 990 2805 Homeri
1018 2739 1250 2804 consuetudine
1280 2739 1404 2804 demon-

297 2837 425 2901 strativi
447 2847 559 2924 partes
582 2825 747 2926 suacipcie
768 2837 803 2902 hi
824 2837 889 2903 loci
911 2838 1062 2904 edocent:
1093 2839 1187 2926 Tyrt.
1210 2846 1239 2923 2,
1261 2845 1294 2906 3:
1325 2825 1404 2900 αἷσιν

295 2929 366 3016 ἅμα
399 2931 623 3020 προλιπόντες
651 2929 802 3022 Ἐρινέον.
850 2938 950 3003 Phoc.
974 2946 1007 3020 1,
1037 2946 1051 3003 1
1085 2937 1276 3015 (Demodoc.
1309 2946 1340 3016 l,
1368 2942 1405 3012 ll:

289 3029 422 3122 -Λέριοι
445 3039 557 3102 κακοί·
580 3029 638 3115 οὐχ
660 3029 678 3100 ό
691 3032 763 3117 μέν,
782 3025 819 3112 ὃς
842 3028 874 3098 δ’
900 3029 948 3100 od.
966 3043 995 3120 3,
1012 3045 1044 3106 8:
1068 3024 1115 3121 ἧς.
1150 3037 1217 3103 Sol.
1232 3047 1305 3103 tetr.
1317 3041 1405 3120 35,1:

294 3123 318 3196 t*
338 3131 399 3215 μὲν
421 3125 550 3199 delata
571 3131 632 3199 σόν
653 3137 785 3200 θεαῖσιν
806 3127 913 3222 ἤτυσ’,
938 3127 1027 3198 t‘lta
1050 3129 1081 3198 δ’
1107 3129 1144 3200 οὗ
1167 3130 1274 3222 μάτην
1289 3141 1302 3220 ΙΙ
1317 3131 1406 3218 ἕρδον

295 3233 410 3312 (Gaias.
435 3237 517 3302 coni.
539 3259 599 3323 pro
621 3236 755 3323 vulgata
768 3229 851 3316 όῖμα
872 3229 949 3321 γάρ,
975 3237 1063 3324 apud
1086 3236 1224 3302 Aristid.
1250 3239 1310 3302 ΓΘ
1331 3239 1404 3302 lunt.

296 3322 401 3412 dado
423 3327 509 3420 γάρ).
552 3335 680 3401 Similia
701 3337 798 3400 etiam
820 3335 909 3422 apud
932 3335 1061 3402 Atticos
1081 3337 1300 3404 inveniuntur.
1316 3339 1336 3416 ¹)

357 3432 503 3519 Theogn.
536 3439 608 3500 169:
640 3423 678 3497 ὃν
708 3430 744 3497 dd
770 3432 849 3498 θεοὶ
877 3427 1012 3516 τιμῶσ’,
1045 3423 1085 3499 όν
1113 3433 1170 3498 καὶ
1197 3431 1409 3517 accusemur,

295 3531 380 3594 αἰνεῖ
406 3521 440 3608 (ό
470 3527 574 3609 όὲΑ,
596 3527 615 3597 ὅ
636 3533 682 3609 Ο;
708 3525 851 3614 τιμῶσ’,
887 3529 925 3597 ὅν
946 3535 994 3612 Κ,
1027 3537 1125 3600 ceteri
1150 3537 1309 3616 τιμῶσιν,
1337 3528 1405 3612 (51)).

351 3787 376 3850 1)
394 3783 524 3855 Krueger
540 3781 562 3851 1,
579 3789 604 3850 ξ.
624 3786 665 3851 50,
686 3786 708 3850 1,
726 3787 750 3837 5.

345 3869 371 3933 2)
395 3866 472 3920 Bene
494 3867 632 3938 Bergkius
658 3865 728 3922 Mus.
751 3866 839 3924 Rhen.
864 3867 917 3937 ΠΙ,
940 3872 988 3923 411
1012 3867 1026 3920 ὁ
1054 3871 1101 3922 καὶ
1124 3869 1287 3939 scripturam
1313 3865 1405 3922 refellit

294 3949 369 4003 hisce
387 3950 490 4003 verbis:
510 3949 598 4020 „Eine
616 3947 709 4005 solche
721 3950 883 4006 Metathcsis
903 3953 952 4007 dar
963 3951 1089 4008 Partikel
1105 3953 1142 4009 ist
1158 3953 1204 4007 bei
1216 3953 1320 4006 Pindar
1337 3948 1405 4004 nicht

294 4033 543 4103 ungcbriiuchlieh‚
561 4033 611 4088 wie
629 4032 672 4090 Ol.
690 4039 714 4098 2,
732 4038 778 4089 28:
798 4035 827 4091 ἐν
846 4039 893 4089 καὶ
911 4036 1056 4108 θαλάσσᾳ,
1080 4042 1105 4102 7,
1124 4041 1157 4092 24
1174 4037 1204 4092 ἐν
1217 4040 1268 4091 ,καὶ
1285 4037 1403 4101 κλειτῷ
