3070 4962
629 444 760 508 to·

90 621 218 708 gandae
235 623 368 712 operam
380 627 541 709 navarint,
557 634 665 690 tamen
682 647 752 690 rem
765 625 909 712 nondum
924 625 1100 714 perfectam
1112 633 1208 708 atque

91 719 273 789 absolutam
285 725 452 809 videmus3
474 747 550 792 narn
574 725 679 789 critici
691 733 837 807 „certant
858 731 889 790 et
901 724 1007 790 adhue
1021 717 1088 788 vsub
1096 721 1209 810 judice

90 819 128 886 lis
150 823 235 888 est“
278 823 375 905 Quod
389 826 473 890 enim
487 825 632 890 Thomas
644 823 802 910 Magister
814 823 894 890 dicit
909 817 1013 898 οὕτως
1026 819 1209 910 ponendum

90 941 157 986 esse
180 931 258 988 ante
278 923 425 1018 vocalem
447 924 705 1012 subsequentem,
727 933 989 990 anteconsonam
1014 916 1099 986 odam
1110 919 1209 1008 idque

92 1019 276 1110 ubicunque
294 1017 402 1100 oileus
423 1033 498 1090 ante
520 1045 696 1088 consonam
722 1024 864 1110 positum
890 1030 1010 1105 exstet,
1038 1021 1208 1102 restituen-

90 1118 163 1186 dum
185 1118 238 1198 (τὸ
263 1116 367 1198 οὕτως
389 1117 598 1205 ἐπαγομένου
621 1117 682 1202 μὲν
709 1115 896 1209 φωνήεντος
920 1116 1004 1202 μετὰ
1033 1121 1091 1184 τοῦ
1114 1138 1134 1182 υ
1155 1113 1209 1181 ἐκ·
1242 1109 1249 1124 '

91 1214 238 1304 φέρεται,
261 1215 470 1303 ἐπαγομένου
493 1217 529 1284 δὲ
549 1215 727 1307 συμφώνου
747 1217 846 1306 χωρὶς
866 1222 925 1286 τοῦ
948 1238 981 1284 o·
1005 1210 1036 1282 εἰ
1058 1212 1094 1280 δὲ
1116 1211 1211 1302 εὕρη-

89 1338 139 1380 ται
160 1314 220 1382 καὶ
241 1313 450 1401 ἐπαγομένου
472 1313 652 1407 συμφώνου
673 1317 756 1402 μετὰ
782 1321 841 1384 τοῦ
868 1339 898 1398 α,
927 1312 1102 1402 ἁμάρτημα
1129 1337 1210 1400 γρα-

91 1413 178 1499 φέων
202 1412 275 1482 ἐστί
295 1442 327 1506 p.
351 1425 421 1502 262,
445 1425 482 1487 13
504 1419 638 1502 Ritsch.‚
656 1420 696 1486 cf.
718 1419 879 1504 Anonym.
906 1420 941 1484 in
963 1418 1072 1486 Uram.
1093 1417 1157 1482 An.
1182 1423 1208 1482 1.

90 1539 120 1602 p.
141 1523 204 1588 307
222 1517 426 1605 (Etym.M.):
451 1512 505 1582 ὅτε
526 1514 587 1600 μὲν
609 1514 807 1606 ἐπιφέρεται
829 1513 1018 1607 σύμφωνον,
1042 1511 1209 1602 ἐξέρχεται

91 1612 125 1680 τὸ
145 1636 175 1692 o,
204 1612 260 1680 ὅτε
284 1613 322 1699 dd
343 1618 483 1704 φωνῆεν,
510 1612 722 1705 putresca.
751 1611 915 1690 οὐδέποτε
944 1614 980 1682 δὲ
1003 1611 1211 1704 ἐπιφερομέ-

92 1737 143 1778 νου
166 1710 356 1803 φωνήεντος
376 1710 577 1799 ἐκβάλλεται
596 1715 635 1784 τὸ
658 1729 700 1799 σ),
725 1742 837 1785 verum
859 1719 989 1804 quidem
1011 1739 1084 1783 esse
1094 1717 1209 1804 pauci

93 1817 236 1904 exceptis
258 1815 299 1882 de
321 1816 457 1884 Homeri
479 1817 687 1896 carminibus,
709 1818 838 1885 aliunde
859 1828 1051 1884 autemnon
1074 1819 1210 1903 pro'rsus

93 1915 299 2004 comprobari
321 1915 506 1982 Lobeokius
521 1919 558 1995 ¹⁵)
590 1917 684 1984 docte
711 1919 876 2004 exposuit:
906 1910 1010 1991 οὕτως
1032 1917 1116 1980 anim
1138 1937 1209 1980 sex·

94 2017 213 2080 centies
242 2017 382 2080 inveniri
409 2025 484 2080 ante
511 2037 703 2100 consonam,
737 2011 823 2078 οὕτω
858 2016 1047 2101 saepissime
1079 2013 1210 2098 quidem

94 2125 162 2180 ante
187 2114 332 2181 vocalem
356 2116 390 2179 in
415 2114 569 2180 clausulis
595 2117 845 2197 enuntiatorum,
868 2116 1037 2180 rarissime
1060 2120 1164 2176 autem
1176 2113 1210 2174 in

95 2235 238 2282 sermone
250 2216 413 2280 continuo.
456 2214 547 2282 Idem
559 2217 611 2281 vir
627 2238 770 2282 summus
781 2213 914 2297 „aeria“
926 2211 982 2278 illa
995 2213 1130 2292 ratione,
1145 2231 1210 2296 qua

95 2311 146 2377 alii
166 2336 401 2400 nonnunquam
424 2315 494 2380 soni
517 2337 617 2380 causa
648 2309 752 2390 οὕτως
774 2322 849 2378 ante
872 2335 1048 2378 consonam
1070 2320 1102 2376 ot
1123 2304 1208 2371 οὕτω

96 2421 164 2477 ante
187 2413 335 2478 vocalem
349 2415 498 2500 positum,
521 2414 577 2480 alii
598 2408 702 2490 οὕτως
723 2413 764 2479 ab
778 2413 897 2479 Atticis
915 2435 1012 2500 saepe
1026 2409 1210 2498 „significa-

95 2513 186 2578 tionis
200 2513 321 2578 causa“
331 2516 401 2578 sive
411 2513 475 2598 „ob
490 2515 646 2602 majorem
657 2513 806 2579 tonosin“
820 2521 1012 2600 usurpatum
1025 2512 1209 2598 opinantur,

97 2611 283 2678 victricibus
305 2614 406 2678 armis
429 2613 636 2701 propulsata,
659 2621 869 2700 praeceptum
898 2611 1062 2699 quoddam
1077 2610 1114 2686 16)
1137 2629 1211 2694 pro·

97 2712 191 2796 ponit,
213 2733 276 2798 quo
299 2712 431 2796 nullum,
454 2713 578 2800 opinor,
604 2734 706 2800 usque
728 2711 770 2778 ad
797 2711 883 2777 hunc
903 2710 989 2775 diem
1011 2709 1124 2772 datum
1145 2727 1210 2769 me·

98 2808 164 2876 lius.
208 2811 349 2894 „Notam
370 2811 475 2896 illam,
504 2812 619 2900 inquit,
643 2835 663 2877 a
685 2812 813 2876 Thema
833 2809 987 2876 traditam
1008 2831 1073 2873 non
1097 2804 1210 2870 dubito

98 2929 138 2974 ex
160 2909 328 2976 codicibus
349 2911 479 2976 ductam
502 2933 588 2994 esse,
617 2933 699 2998 quos
726 2909 870 2975 Thomas
901 2910 1034 2996 ejusque
1061 2905 1211 2991 magistri
1268 2979 1270 2984 Ι

98 3019 310 3096 usurparunt3
334 3009 392 3075 sed
414 3031 489 3074 num
512 3010 545 3076 hi
567 3033 610 3075 ex
631 3009 724 3076 libris
745 3009 886 3096 antiquis
914 3017 946 3072 et
967 3007 1067 3072 aetati
1087 3004 1210 3068 Attico·

99 3129 164 3174 rum
183 3109 343 3196 prdximis
365 3108 517 3195 religiose
539 3111 747 3196 transscripti
774 3129 817 3173 an
844 3129 886 3172 ex
913 3105 1134 3170 technicorum
1156 3102 1211 3167 de·

101 3208 191 3272 cretis
213 3211 415 3274 constantiae
437 3210 618 3275 servandae
644 3229 745 3274 causa
771 3205 923 3294 rescripti
946 3214 978 3270 et
1004 3203 1141 3270 correcti
1162 3202 1178 3267 f
1198 3237 1210 3249 ·

100 3307 279 3394 suntquis
302 3311 425 3398 estqui
447 3331 506 3375 nos
529 3310 683 3375 certiores
711 3305 833 3372 faciat?
860 3303 1065 3393 Apographa
1092 3301 1209 3392 quibus

100 3403 190 3472 hodie
208 3409 329 3472 utimur
351 3409 470 3496 ubique
492 3409 560 3474 fere
582 3408 776 3473 dissentiunt
803 3428 859 3471 seu
885 3427 965 3470 casu
990 3413 1022 3470 et
1043 3425 1152 3468 errore
1173 3401 1210 3466 li·

101 3503 284 3572 brariorum.
301 3529 358 3574 seu
390 3509 466 3595 quia
488 3507 571 3574 alius
593 3508 691 3572 aliam
713 3507 873 3571 rationem
895 3514 1049 3592 sequutus
1062 3515 1120 3583 est,
1143 3500 1209 3587 ple-

101 3605 188 3692 rique
208 3605 339 3672 nullam.
383 3607 494 3688 Quare
516 3605 738 3694 recipiendum
760 3616 808 3672 est
831 3605 918 3694 quod
939 3625 1064 3693 quoqne
1085 3603 1119 3666 in
1139 3601 1210 3666 loeo

102 3705 210 3788 optimi
229 3707 349 3794 quique
372 3705 537 3790 exhibent,
559 3713 625 3770 non
645 3715 682 3772 ut
702 3705 803 3772 altero
821 3706 941 3787 verius,
966 3703 1023 3767 sed
1044 3703 1120 3790 quia
1142 3723 1210 3766 cer·

101 3803 159 3868 tior
180 3805 328 3892 probatio
348 3828 412 3872 non
433 3805 628 3872 invenitur.“

161 4039 199 4106 15)
216 4040 243 4093 in
262 4039 454 4094 dissertatione
473 4039 507 4093 ds
523 4039 766 4110 proschematismo
783 4037 891 4091 Pathol.
912 4035 946 4093 ΙΙ,
965 4053 991 4106 p.
1010 4029 1059 4089 2'14
1077 4031 1116 4104 sq.

157 4123 196 4188 16)
213 4122 230 4178 l.
249 4123 266 4180 l.
284 4141 311 4194 p.
330 4127 378 4177 217
398 4141 437 4194 sq,
