3056 4968
874 427 938 498 tto.

343 614 412 670 tum
445 607 580 671 eiicitur.
624 605 662 670 In
694 605 758 670 fine
788 629 867 672 vero
903 606 1134 692 vocabulorum
1167 606 1324 672 alterutra
1354 618 1450 695 potest

346 707 460 774 omitti.

404 803 475 871 Iam
499 805 581 870 siin
605 803 702 890 longe
725 804 872 889 plurimis
894 804 1055 892 exemplis
1077 827 1137 892 pro
1154 804 1263 870 vocali
1279 805 1354 872 olim
1368 804 1451 870 brevi
1515 877 1516 884 χ

344 905 452 971 extitit
474 903 572 988 longa
604 901 726 970 vocalis
749 913 842 989 post
865 925 1026 970 consonae
1045 905 1255 987 eiectionem,
1287 915 1452 992 propter
1515 891 1516 912 ¹

333 1025 505 1071 consonae
527 1002 717 1068 eiectionem
742 1002 875 1068 brevem
898 1001 1043 1066 vocalem
1066 1025 1137 1068 esse
1156 1002 1350 1088 productam
1364 1002 1451 1068 facilc

343 1099 420 1166 licet
439 1101 634 1169 coniectare.
678 1099 761 1168 Cum
790 1100 890 1186 igitur
922 1099 1096 1188 supplendi
1126 1103 1224 1186 ¹¹quasi
1257 1113 1289 1166 ct
1307 1125 1450 1188 compen·

345 1199 439 1279 sandi
453 1201 561 1286 gratia
573 1197 696 1266 vocalis
711 1199 921 1286 producatur,
936 1221 1000 1266 non
1014 1201 1135 1266 iniuria
1150 1200 1451 1288 productionem

345 1298 650 1386 suppletoriam
682 1320 753 1386 eam
775 1297 978 1390 affectionem
1000 1300 1064 1364 uiri
1087 1298 1174 1365 docti
1202 1298 1452 1390 appellaverunt.

355 1463 361 1477 ,
408 1397 696 1466 considerabimus
718 1406 836 1478 autem,
860 1418 944 1482 quae
965 1398 1030 1464 sint
1044 1397 1120 1462 illae
1133 1406 1307 1490 'consonae3
1326 1421 1451 1485 quarum

1507 983 1516 1458 l

347 1519 385 1564 ca
405 1497 457 1562 vis
479 1505 545 1578 est„
560 1491 596 1562 u't
618 1495 700 1560 alias
721 1496 894 1584 appositas
916 1497 1063 1583 eiiciant,
1084 1497 1136 1564 vel
1158 1496 1275 1587 quibus
1300 1496 1451 1564 condicio·
1514 1497 1516 1516 ’

344 1596 441 1662 nibus
462 1594 537 1660 illac
564 1617 635 1660 cam
662 1596 728 1660 vim
751 1596 895 1680 maxime
923 1597 1051 1682 possint
1080 1617 1242 1663 exercere.
1288 1596 1355 1662 Sed
1386 1619 1452 1682 quo

343 1699 443 1776 niam,
463 1703 499 1758 ut
522 1716 622 1780 supra
644 1693 952 1776 demonstravimus,
974 1693 1050 1760 illae
1074 1693 1261 1762 affectiones
1285 1695 1447 1782 paullatim

343 1795 501 1882 temporis
536 1793 666 1860 demum
698 1793 838 1860 decursu
874 1794 1041 1876 oriuntur,
1078 1796 1113 1860 in
1145 1793 1282 1880 singulis
1318 1795 1450 1860 vocibus

343 1892 525 1965 tractandis
549 1901 733 1980 temporum
752 1893 879 1958 ratione
900 1892 1068 1962 habita-
1085 1891 1123 1958 id
1141 1893 1229 1982 quod
1250 1894 1286 1960 in
1309 1893 1449 1960 omnibns

344 1992 590 2081 quaestionibus
618 1993 841 2078 grammaticis
870 1992 1117 2079 diligentissime
1147 1992 1391 2060 obseruandum
1410 2003 1450 2057 est

343 2131 384 2149 -ι-
401 2094 529 2167 formas
550 2092 749 2161 recentiores
769 2090 811 2156 ab
827 2089 1065 2180 antiquioribus
1083 2102 1238 2179 quantum
1254 2091 1327 2158 lieri
1342 2093 1449 2180 poterit

345 2193 589 2277 disiungamus,
624 2212 687 2276 quo
721 2191 778 2278 qui
811 2190 933 2280 fuerint
967 2193 1057 2258 inter.
1083 2202 1257 2280 utrumque
1278 2191 1447 2256 formarum

342 2315 445 2378 genus
467 2289 624 2357 transitus
646 2297 743 2374 atque
763 2291 957 2357 mutationes
979 2291 1162 2357 accuratius
1179 2289 1415 2376 dignoscamus.

403 2406 586 2492 Incipiatnr.
605 2404 753 2488 quaestio
780 2427 801 2468 a
821 2403 1068 2488 labialibus,
1099 2421 1194 2492 quae.¹
1210 2407 1245 2470 in
1265 2409 1383 2494 paucis
1403 2427 1447 2468 vo
1514 2459 1515 2470 ,

343 2507 436 2572 cibus
456 2504 584 2570 Latinis
605 2503 798 2570 interierunt
816 2512 892 2568 ante
910 2527 1080 2572 consonas.

854 2671 883 2751 c.
905 2676 934 2736 s.

406 2791 435 2850 P
453 2784 582 2858 labialis
616 2785 651 2848 in
677 2806 740 2848 nno
771 2783 872 2850 verbo
903 2799 1048 2848 amentum
1069 2786 1190 2852 omissa
1211 2786 1450 2872 productionem

342 2887 457 2967 effecit,
478 2906 563 2970 quae
584 2883 618 2948 in
639 2882 773 2970 reliquis
796 2882 910 2950 saltem
930 2907 995 2950 non
1018 2894 1161 2972 constat3
1181 2907 1257 2950 nam
1281 2891 1362 2947 amca
1383 2883 1449 2962 (Ge-

342 2984 414 3050 stell
445 3006 520 3051 zum
539 2982 693 3070 Aufugen
724 2981 791 3046 und
818 2981 1020 3068 Aufhitngen
1047 3005 1111 3049 von
1133 2982 1369 3070 Vogelnetzen)
1398 3003 1449 3068 pro

341 3087 467 3165 *apricos
489 3091 673 3167 correptam
695 3077 841 3146 vocalem
868 3091 942 3167 post
969 3081 1122 3174 labialem
1150 3083 1287 3152 eiectam
1307 3081 1450 3148 ostendit

342 3184 552 3270 Quapropter
579 3179 672 3246 verbi
693 3192 876 3260 rumentum,
909 3180 996 3269 quod
1024 3181 1176 3268 cohaeret
1205 3203 1279 3246 erun
1310 3182 1380 3246 rad.
1399 3203 1450 3256 rap

341 3281 537 3364 (rumperc)²)
558 3281 700 3366 priorem
720 3277 881 3364 syllabam
910 3302 970 3366 pro
1001 3279 1161 3368 producta
1180 3279 1297 3344 haberi
1318 3304 1382 3346 non
1404 3300 1449 3342 ue·

340 3403 432 3447 cesse
454 3389 510 3445 est.
970 3388 974 3399 “

403 3487 554 3544 Aureolum
576 3485 683 3540 autem
705 3475 853 3562 pluribus
875 3486 1046 3562 poetarum
1068 3475 1158 3559 locis,
1180 3478 1236 3564 qui
1259 3478 1294 3541 in
1314 3475 1449 3564 quolibet

340 3580 446 3644 lexico
470 3575 674 3657 exhibentur,
694 3575 904 3640 confirmatur
927 3579 1038 3662 stirpis
1063 3574 1224 3662 syllabam
1246 3574 1368 3640 habere
1388 3574 1446 3637 lon·

340 3702 426 3764 gam,
477 3674 602 3740 Suffixo
629 3687 755 3739 mentum
782 3674 910 3740 absciso
939 3684 1041 3738 restat
1070 3699 1089 3736 a
1119 3673 1242 3748 vocalis
1274 3698 1357 3763 quae
1385 3672 1446 3738 sola
1510 3719 1512 3764 t

341 3780 441 3863 stirps
472 3795 544 3842 esse
573 3795 638 3840 non
665 3783 780 3864 potest.
828 3771 1011 3854 Consonam
1043 3775 1144 3859 igitur
1165 3775 1335 3840 interiisse
1361 3791 1444 3836 nemo

340 3876 483 3961 negabit.
516 3870 582 3938 Sed
605 3894 689 3957 quae
711 3874 753 3935 sit
775 3894 813 3935 ea
835 3893 986 3955 consona,
1009 3873 1093 3937 inter
1115 3875 1203 3936 viros
1223 3873 1335 3938 doctos
1348 3870 1442 3936 adhuc

342 4009 550 4020 Ι-.-.-------

307 4081 309 4086 ’
391 4095 417 4150 a
436 4090 478 4146 Cf.
495 4090 570 4146 uest.
589 4105 617 4156 p.
636 4090 694 4154 271,
713 4091 727 4140 7
745 4085 796 4142 Mn
817 4067 1012 4146 rumentum
1027 4071 1168 4159 abruptio.
