3056 4968
872 423 929 488 126

794 507 1002 518 *-

341 595 493 666 diversae
514 601 577 666 sint
599 625 620 668 a
641 602 840 690 spirantibus
862 605 1078 670 recentiorum
1093 601 1294 670 Graecorum
1314 605 1444 688 xpdss)

341 704 381 773 (θ
395 701 479 764 enim
495 700 669 766 aBriickio
689 701 709 767 l.
726 703 747 768 l.
764 725 838 788 pag.
852 710 891 771 39
911 727 970 790 per
986 707 1024 770 s⁴
1039 702 1337 785 circumscribitur),
1355 702 1445 766 valde

341 798 511 884 probabile
534 809 583 864 cst
604 807 701 865 etiam
724 801 812 888 apud
835 801 981 868 Graecos
1007 812 1119 868 tenues
1137 804 1282 888 primum
1309 803 1344 866 in
1364 803 1445 868 affri-

340 909 442 982 catas,
461 899 578 962 deinde
592 899 626 964 iu
642 902 804 987 spirantes
820 903 986 986 transisse,
1003 902 1089 967 unde
1102 904 1257 988 sequitur,
1272 909 1308 965 ut
1322 903 1446 966 omnino

340 1007 467 1062 veteres
483 999 649 1084 aspiratae
665 999 741 1064 olim
759 1000 977 1066 affrieatarum
995 1003 1098 1066 instar
1114 1001 1242 1066 fuerint.

404 1097 469 1162 Sed
490 1120 685 1184 quamquam
708 1101 830 1182 omnia,
860 1123 943 1188 quae
966 1101 1072 1166 adbuc
1095 1099 1203 1181 attuli,
1234 1101 1356 1185 optime
1378 1122 1447 1163 cum

340 1198 501 1261 sententia
522 1219 595 1262 mea
617 1219 797 1283 congruere
812 1199 972 1283 videntur,
991 1209 1100 1264 tamen
1120 1221 1220 1264 unum
1242 1198 1342 1280 addo,
1364 1198 1447 1284 quod

341 1295 467 1361 silentio
490 1298 669 1381 praeterire
690 1297 788 1363 nolui.
1167 1311 1170 1317 “

400 1395 555 1460 Fortasse
578 1398 663 1460 enim
681 1398 843 1484 quispiam
866 1395 986 1460 dixerit
1006 1397 1172 1460 iuncturus
1193 1395 1267 1460 illas
1290 1397 1449 1481 aspirata·

339 1517 411 1558 rum
425 1497 483 1572 κθ,
500 1497 564 1577 qd,
576 1516 623 1578 χχ,
636 1517 701 1582 φφ,
715 1499 770 1559 dd
782 1497 835 1572 (cf.
846 1515 945 1581 supra
956 1519 1030 1583 pag.
1038 1503 1077 1563 89
1090 1505 1122 1560 et
1134 1499 1212 1576 104),
1225 1498 1252 1558 si
1268 1497 1302 1559 in
1313 1497 1354 1559 iis
1369 1495 1449 1558 tales

337 1594 425 1676 soni,
448 1594 559 1679 quales
582 1617 641 1676 ego
663 1595 816 1680 probavi,
837 1597 993 1678 inessent,
1017 1596 1221 1682 pronuntiari
1242 1593 1331 1660 nullo
1354 1595 1450 1660 modo

338 1694 498 1776 posse.4⁷)
546 1693 639 1773 Quae
665 1716 717 1758 rea
744 1717 817 1759 cum
843 1697 958 1779 negari
986 1697 1044 1757 vix
1074 1695 1180 1779 possit
1212 1715 1252 1758 ao
1279 1715 1353 1758 oum
1382 1696 1451 1758 iun-

338 1799 448 1856 cturas
468 1793 516 1868 χθ
537 1801 569 1856 et
589 1795 644 1874 qd
664 1793 750 1858 haud
771 1793 905 1858 multum
928 1816 948 1856 a
969 1793 989 1870 ξ
1009 1801 1040 1858 et
1054 1802 1092 1877 ψ,
1115 1815 1198 1878 quae
1213 1793 1451 1876 antiquioribus

339 1889 539 1976 temporibus
562 1902 747 1956 constanter
766 1912 807 1969 χσ
828 1901 861 1957 et
883 1913 931 1977 φσ
951 1893 998 1971 (in
1017 1891 1068 1956 his
1089 1913 1200 1975 yerox
1221 1901 1253 1956 et
1274 1915 1299 1973 φ
1322 1893 1449 1978 spirau-

335 1990 418 2054 tium
438 1991 505 2065 vim
526 1989 681 2069 habuisse
702 1991 869 2073 videntur,
899 1994 1050 2078 quoniam
1072 1989 1295 2056 difficillimum
1323 2003 1373 2056 est
1396 2003 1451 2056 aut

336 2087 400 2154 khs
419 2099 450 2153 et
471 2088 586 2175 phou)
613 2101 669 2154 aut
690 2090 771 2156 kcbs
801 2101 834 2154 et
855 2091 906 2176 pfs
929 2092 1151 2176 pronuntiare)
1180 2089 1386 2174 scribuntur,
1419 2116 1448 2156 a·

337 2189 437 2252 luisse
463 2188 560 2253 modo
594 2189 899 2270 demonstraverim,
933 2188 1028 2253 valde
1062 2188 1231 2276 probabile
1259 2199 1323 2271 est,
1360 2190 1450 2274 quod

339 2289 463 2373 primus
485 2287 662 2352 Arendtius
684 2288 810 2366 (Kubna
838 2289 904 2354 und
926 2287 1127 2354 Schleiehers
1148 2289 1249 2354 Beitr.
1270 2288 1311 2354 Π.
1333 2311 1363 2374 p.
1389 2295 1450 2355 424

339 2393 421 2474 sqq.)
443 2386 635 2472 explorasse
655 2387 800 2471 videtur,
831 2389 865 2452 in
888 2387 1045 2452 eiusmodi
1069 2389 1225 2452 iuncturis
1245 2408 1265 2464 χ
1286 2409 1311 2471 φ
1331 2389 1358 2450 3
1383 2391 1449 2474 spi·

338 2489 478 2550 rontium
502 2488 605 2550 instar
629 2486 736 2551 fuisse.

400 2585 617 2660 Confirmatur
637 2585 718 2650 haec
739 2589 899 2652 sententia
926 2589 1021 2650 etiam
1051 2585 1281 2674 observatione
1300 2585 1450 2667 Bruekit

224 2721 229 2729 ·
336 2707 433 2770 quum
456 2684 590 2770 protulit
609 2683 629 2748 l.
645 2684 669 2751 l.
691 2709 765 2771 pag.
788 2693 841 2754 90:

398 2783 502 2866 „Man
523 2783 645 2847 konnte
673 2807 730 2848 aus
753 2785 859 2852 dieser
882 2783 980 2848 Stelle
1008 2784 1117 2862 (Dion.
1137 2783 1213 2848 Hal.
1240 2783 1281 2848 de
1303 2807 1449 2871 compos.

336 2904 364 2950 c.
394 2889 442 2961 44)
472 2882 662 2965 scbliessen,
696 2883 772 2948 dass
800 2905 827 2970 φ
860 2881 1032 2968 eigentlich
1060 2883 1146 2968 p¹f¹
1180 2883 1324 2968 gelantet
1350 2882 1448 2968 habe,

389 3167 432 3233 46)
454 3163 528 3230 Quas
546 3182 628 3236 saepe
645 3183 678 3220 ex
695 3165 826 3220 tenuibus
844 3165 1011 3235 aspiratione
1029 3163 1105 3218 facta
1122 3169 1203 3218 natea
1220 3180 1281 3218 esse
1299 3181 1384 3236 supra
1403 3166 1448 3218 de·

334 3249 553 3305 monstravimus.

385 3331 429 3405 47)
454 3333 531 3387 Idem
554 3338 746 3404 argumentum
764 3333 914 3386 Arendtius
938 3331 1048 3402 (Kuhus
1071 3351 1098 3387 u.
1116 3331 1286 3388 Schleichers
1304 3332 1391 3388 Beitr.
1410 3331 1445 3387 11.

259 3425 261 3430 ’
335 3433 400 3488 pag.
418 3419 469 3470 424
482 3420 554 3488 sqq.)
575 3421 672 3470 conus
695 3431 741 3470 eos
763 3417 891 3487 protulit,
917 3415 965 3486 qui
988 3417 1124 3488 aspiratos
1141 3413 1263 3470 Graecas
1288 3416 1324 3470 ab
1342 3415 1445 3470 Iudicis

332 3499 412 3554 baud
427 3501 549 3554 diversas
566 3500 651 3554 fuisso
668 3492 879 3556 contenderunt.
914 3500 986 3556 Nam
1011 3499 1082 3554 tales
1099 3499 1283 3571 aspiraturum
1299 3499 1445 3554 iuncturae

334 3583 363 3636 in
382 3583 479 3655 lingua
497 3583 639 3638 Senserita
655 3594 767 3654 prorsus
784 3583 926 3637 inauditae
944 3591 1015 3637 sunt.
1106 3588 1126 3638 ,’

384 3671 428 3732 48)
447 3666 488 3723 ef.
503 3667 655 3721 Briiekium
672 3668 690 3722 l.
704 3667 722 3724 l.
738 3683 802 3740 pag.
816 3671 848 3722 58
860 3668 943 3722 med:
963 3667 1075 3738 „Weun
1093 3669 1138 3746 eiu
1152 3668 1315 3734 consonant
1332 3665 1384 3720 suf
1399 3666 1444 3720 die

335 3749 440 3806 Tenuis
457 3750 541 3822 folgt,
560 3769 590 3806 so
607 3751 685 3805 kann
693 3752 732 3806 sie
742 3768 815 3804 zwar
831 3751 903 3804 auch
921 3751 1047 3821 aspiriert
1064 3751 1186 3820 werden,
1205 3751 1297 3804 indem
1314 3767 1378 3804 mun
1397 3751 1442 3803 cin

331 3833 352 3886 h
367 3833 502 3887 zvdsehen
520 3833 563 3888 ihr
580 3835 638 3888 und
654 3835 716 3890 dem
727 3834 877 3908 folgenden
891 3834 972 3890 Gens.
988 3835 1074 3888 hbren
1086 3834 1162 3903 lieet,
1180 3834 1247 3888 aber
1260 3851 1289 3888 es
1300 3833 1443 3904 geschieht

333 3917 465 3986 seltener,
489 3919 551 3971 weil
568 3916 626 3972 sich
644 3919 693 3972 das
710 3919 744 3988 h,
761 3919 807 3973 bei
828 3919 889 3972 dem
907 3919 957 3972 der
976 3919 1146 3972 Mundcanal
1162 3919 1226 3972 weit
1243 3916 1364 3990 gebffnet
1379 3917 1440 4006 seiq

332 4017 423 4069 muso,
450 4002 610 4056 schleoht
634 4002 769 4056 awisohen
792 4005 873 4056 einen
895 4001 1117 4058 Verschlusslaut
1143 4003 1202 4055 und
1227 4002 1307 4056 einen
1333 4000 1439 4054 anderu

334 4085 532 4142 Ouusonauten
549 4086 729 4142 eiuschiebt“
