3070 4962
596 437 652 500 141
741 409 752 425 “

83 641 172 707 purae
191 618 278 684 Iadis
300 617 464 706 adquam
487 626 654 705 pottarum
676 617 861 705 fragmenta
881 615 1099 702 emendemus,
1129 617 1184 682 ha·

82 719 142 784 beri
157 728 300 806 possunt,
323 719 477 806 quoniam
498 716 600 782 mrdta
625 717 735 782 insunt
757 739 777 781 a
798 715 1032 783 recentioribus
1048 717 1183 786 medicis

83 818 274 905 interpolata.
317 817 469 901 Accedit,
498 816 585 906 quod
611 839 675 882 non
708 825 758 880 est
780 814 930 900 dubium,
960 818 1037 902 quin
1059 817 1185 904 Hippo·

84 919 170 984 aad·
192 917 341 1001 dialecto,
363 917 385 984 i.
407 939 435 983 e.
457 916 530 983 Isdi
551 918 683 1000 mitiori,
706 913 807 982 multa
829 937 901 980 cum
925 925 1035 982 vetere
1052 915 1186 982 Atthide

85 1020 253 1083 communia
277 1018 348 1083 sint.
966 1025 969 1031 '

154 1117 329 1183 Praeterea
357 1139 399 1181 ex
424 1115 527 1181 titulis
558 1115 695 1200 Ionicis,
727 1139 863 1204 quorum
894 1139 1064 1184 numerum
1090 1116 1187 1183 valde

85 1218 225 1303 exiguum
248 1239 320 1282 esse
341 1216 549 1282 vehementer
571 1214 743 1282 dolendum
766 1227 825 1302 est,
848 1216 1060 1283 emendandis
1081 1219 1186 1305 poetis

85 1316 206 1382 salutem
229 1317 347 1382 afferre
370 1315 486 1382 studui.
532 1313 727 1404 Quanquam
747 1316 894 1404 plerique
915 1339 987 1383 cum
1008 1319 1188 1384 recentiore

86 1415 200 1482 demum
216 1425 365 1504 tempore
382 1416 510 1482 exarati
528 1417 602 1498 sint,
624 1413 726 1480 multa
740 1415 871 1503 linguae
890 1415 1036 1504 vulgaris
1048 1419 1188 1503 vestigia

85 1534 153 1602 prae
173 1538 207 1581 se
228 1515 345 1582 ferunt
380 1515 543 1597 Quocirca
563 1514 657 1580 nobis
679 1537 745 1580 non
760 1515 980 1603 quaerendum
996 1525 1078 1600 erat,
1097 1515 1188 1606 quid·

86 1637 150 1680 nam
179 1616 310 1682 omnino
339 1616 550 1704 praeberent,
583 1613 641 1679 sed
672 1616 779 1702 petius
806 1615 884 1702 quid
911 1617 1072 1703 genuinae
1100 1615 1189 1682 Iadis

87 1725 268 1782 servassent.
805 1745 809 1755 ’

157 1815 244 1880 Inter
274 1813 334 1881 hos
364 1816 504 1902 primum
533 1813 639 1879 locum
667 1813 791 1880 obtinet
821 1813 971 1880 titulus
1001 1814 1189 1881 Milesius

89 1911 173 2001 (lurp.
203 1915 356 2001 Inscript.
393 1913 511 1979 Graec.
544 1937 592 1978 nr.
632 1920 672 1983 39
701 1911 898 1994 (Boeckhius
921 1937 985 1979 non
1006 1921 1093 1981 recte
1120 1937 1190 1980 ver·

88 2033 132 2076 sus
169 2035 239 2079 esse
272 2011 435 2100 putabat),
483 2014 538 2101 qui
568 2013 744 2080 secundum
780 2012 819 2078 A.
841 2011 1077 2078 Kirchhollium
1115 2037 1190 2101 pag.

87 2115 120 2178 24
144 2111 218 2178 libri
240 2114 355 2177 insen:
392 2111 551 2195 „Studien
582 2137 641 2178 nur
663 2112 859 2178 Geschichte
888 2112 944 2178 des
966 2111 1191 2199 griechischen

86 2209 266 2298 Alphabets,
288 2219 316 2280 2.
329 2210 478 2297 Auflage,
499 2212 611 2278 Berlin
627 2215 727 2282 1867“
751 2214 797 2277 sio
813 2211 1032 2278 restituendus
1047 2212 1190 2279 videtur:

86 2302 330 2400 [Epprqlocoivofi
355 2303 470 2398 ἡμΙέας
503 2303 666 2398 ἀνέθηκεν
692 2305 1020 2401 [ὃἈΙπ]ολ[ων]ίδεω
1051 2307 1192 2386 tedaldi.-

87 2405 174 2488 λωνι,·
197 2413 340 2500 pertinet
362 2412 405 2477 ad
425 2410 477 2477 Ol.
501 2417 551 2480 60.

157 2509 301 2598 Sigcut
325 2509 421 2598 Oorp.
444 2511 470 2576 Ι.
481 2517 511 2593 8,
532 2513 623 2576 cuius
645 2512 814 2598 inscriptio
837 2512 986 2600 superior
999 2511 1111 2577 Ionica
1133 2521 1192 2594 est,

88 2607 208 2675 inferior
234 2609 354 2676 Attica.
395 2609 582 2677 Boeckhins
612 2609 686 2683 (vol.
709 2610 734 2674 Ι.
765 2634 841 2698 pag.
868 2616 917 2690 19)
942 2611 1192 2698 „inscriptiones

89 2706 167 2792 has“‚
195 2711 316 2796 inquit,
345 2711 400 2794 „in
429 2733 541 2776 earum
562 2707 667 2776 resero
689 2709 843 2787 classem,
871 2732 954 2798 quae
975 2710 1090 2776 falsam
1113 2713 1193 2776 anti-

90 2809 208 2892 quitatis
238 2809 381 2896 speciem
407 2831 487 2897 prae
515 2830 550 2874 se
583 2807 704 2893 lerunt,
739 2832 858 2896 easque
885 2809 961 2892 hoc,
1002 2833 1064 2899 quo
1099 2813 1194 2898 posui

90 2903 148 2973 loco
155 2957 163 2991 ,
192 2909 323 2975 nonnisi
351 2909 505 2975 ductuum
533 2910 718 2997 priscorum
744 2919 776 2974 et
802 2911 960 2997 pristinae
992 2912 1193 2975 auctoritatis
1247 2979 1252 2988 ,

91 3027 177 3074 causa
197 3009 354 3074 retineo.“
396 3005 522 3073 Eodem
545 3019 677 3075 auctore
699 3010 834 3096 propius
858 3008 984 3074 accedit
1006 3008 1048 3072 ad
1068 3008 1194 3074 Aristo-

90 3103 151 3172 telis
177 3118 319 3173 aetatem
348 3131 445 3196 quam
468 3107 511 3172 ad
532 3107 828 3174 Aristarcheorum.
873 3107 1094 3172 Kirchhoffius
1117 3130 1194 3173 vero

91 3225 116 3288 p·
129 3211 162 3274 18
185 3229 255 3296 sqq.
279 3207 515 3274 demonstravit
535 3230 608 3272 eum
630 3217 800 3273 exaratum
822 3229 892 3272 esse
913 3206 1196 3272 Pisistratidarum

90 3313 222 3393 tempore
244 3306 299 3372 vel
320 3305 413 3372 brevi
435 3317 519 3395 post,
544 3310 613 3374 sine
632 3307 730 3373 dubio
750 3319 824 3373 ante
847 3305 899 3372 Ol.
922 3312 972 3374 70.

162 3404 286 3472 Teius
311 3412 392 3475 3044
415 3408 485 3472 sive
515 3405 627 3491 „dirae
646 3407 779 3490 Teiae“,
812 3407 953 3494 optimus
979 3404 1106 3488 titulus,
1141 3407 1196 3493 qui

92 3499 244 3574 Bocokhio
267 3518 342 3594 post
362 3515 497 3593 pestem,
521 3529 604 3594 quae
625 3508 719 3572 initio
735 3505 812 3572 belli
825 3505 1093 3592 Peloponnesiaci
1105 3527 1196 3590 gras·

93 3612 154 3668 sata
175 3617 232 3689 est,
254 3605 307 3671 vel
330 3613 405 3693 post
426 3604 535 3693 paullo
550 3606 775 3693 antiquiorem,
798 3627 881 3693 quae
894 3605 1052 3669 Lemnum
1076 3613 1106 3668 et
1132 3603 1197 3669 alia

94 3697 155 3861 lgna
174 3705 349 3788 invaserat,
372 3714 527 3772 exaratus
549 3705 692 3788 videtur,
720 3706 842 3771 rectius
863 3702 1065 3770 Kirohhoffio
1086 3725 1119 3791 p.
1145 3710 1196 3771 13:

121 3798 285 3873 lto-77.

165 3901 521 3988 Halicarnassius,
556 3905 612 3994 qui
641 3926 745 3994 nuper
780 3926 800 3970 a
830 3903 1013 3980 Newtone⁸)
1049 3913 1197 3989 repertus

99 4049 292 4070 *m-

172 4137 196 4205 8)
214 4135 297 4194 (taius
321 4139 558 4211 praestantissimo
577 4139 648 4194 libro
672 4140 767 4196 incon:
803 4139 848 4210 „A
864 4135 970 4208 history
989 4136 1021 4193 of
1035 4137 1198 4192 discoveries
