3034 4964
636 457 905 546 ·‘ro

388 664 479 730 Idem
496 669 546 730 20.
558 669 610 746 29,
630 662 688 730 ubi
703 662 744 728 de
764 662 896 729 tributis
917 662 1035 728 civium
1051 663 1297 748 peregrinorum
1311 683 1421 726 eornm-

326 784 398 850 que,
421 763 476 850 qui
497 753 658 839 ίσοτελεῖς
676 761 890 845 vocabantur,
910 762 1030 848 agitur.

388 861 531 948 Hesyoh
555 885 580 929 s.
601 886 633 929 v.
653 856 823 944 μέτοικοι·
847 853 880 924 oi
902 855 1106 936 ἐνοικοῦντες
1127 854 1243 938 ξένοι
1263 853 1297 924 έν
1315 859 1351 945 τῇ
1369 849 1424 918 πό-

327 958 585 1042 λεικκλ.Ι

388 1059 567 1148 Lex..Seg.
589 1085 613 1127 s.
635 1083 667 1128 v.
688 1051 858 1135 ίοοτελεῖς·
885 1054 1040 1141 μέτοικοι
1058 1053 1100 1121 τὰ
1124 1051 1186 1138 μέν
1212 1051 1341 1136 ξενικὰ
1360 1050 1425 1138 τέλη

329 1159 377 1238 (id
397 1167 447 1224 est
466 1155 504 1223 τὸ
524 1152 708 1242 μετοίκιον)
729 1155 774 1245 μὴ
796 1156 979 1236 τελοῦντες,
1015 1153 1056 1220 τὰ
1085 1151 1121 1220 δέ
1151 1148 1210 1220 ἰ’σα
1237 1156 1307 1231 τοῖς
1331 1147 1427 1229 ἀστοῖς

330 1257 506 1335 τελοῦντες.
549 1259 688 1326 Accedit
709 1259 848 1344 denique
867 1281 988 1344 magns
1012 1256 1070 1324 illa
1092 1257 1194 1322 series
1224 1255 1369 1321 stelerum
1388 1276 1427 1318 se-

330 1357 524 1446 pulcralium
549 1361 584 1424 in
604 1359 716 1424 Attica
737 1367 953 1447 repertarum,
966 1377 1059 1444 'quae
1080 1377 1235 1439 magnam
1257 1363 1376 1442 partem
1393 1352 1428 1418 od

258 1533 260 1536 ¹
330 1456 506 1544 inquilinos
528 1459 692 1544 pertinent
713 1465 789 1538 (non
812 1459 898 1524 enim
920 1454 1078 1524 credibile
1100 1463 1149 1520 est
1169 1463 1238 1520 tam
1260 1453 1372 1520 multos
1383 1475 1428 1540 pe

332 1557 482 1641 regrinos
509 1558 571 1624 iter
598 1567 725 1624 tantum
753 1559 910 1624 facientes
933 1556 1072 1624 Athenis
1094 1561 1239 1620 mortuos
1262 1560 1344 1633 esse)
1363 1575 1429 1618 sem-

333 1677 456 1742 perque
482 1657 625 1743 petriam
652 1659 773 1723 mortui
804 1656 1007 1744 profitentur.
1050 1653 1101 1720 Of.
1123 1676 1242 1741 corpus
1270 1655 1363 1718 inscr.
1383 1651 1450 1716 (tr.-

330 1753 420 1820 vol.I
428 1777 451 1820 s.
458 1778 490 1819 v.
505 1755 613 1838 „tituli
624 1756 727 1822 Attici
739 1756 882 1844 priveti“
894 1764 926 1820 et
935 1753 1095 1842 Rsngabe
1107 1755 1208 1838 antiq.
1222 1752 1374 1818 hellen.II
1385 1773 1430 1815 no:

335 1857 415 1921 1798
437 1875 507 1941 sqq.
528 1891 570 1902 -
601 1856 672 1922 Iam
700 1878 779 1923 vcro
806 1879 881 1921 cum
902 1856 1043 1920 sciamus
1072 1854 1125 1930 (cf.
1147 1852 1371 1938 Frohberger,
1397 1848 1430 1912 'de

333 1951 485 2038 opificum
514 1955 603 2042 apud
629 1965 756 2021 veteres
784 1955 930 2022 Graecos
958 1952 1187 2020 condicioneI
1215 1974 1290 2039 cap.
1312 1957 1345 2034 3,
1374 1948 1432 2014 Gri-

332 2073 406 2116 mae
430 2058 509 2122 1866
537 2063 569 2120 et
589 2053 797 2122 Fleckeiseni
826 2053 946 2119 annell.
971 2058 1050 2120 1867
1079 2074 1155 2139 pag.
1179 2056 1287 2138 llsq.)
1317 2047 1431 2138 opifices

333 2159 366 2216 et
384 2155 604 2238 negotiatores
618 2152 747 2220 Atticos
768 2154 837 2218 fere
859 2175 971 2218 omnes
994 2150 1169 2239 inquilinos
1184 2149 1296 2234 fuisse,
1318 2170 1433 2236 quorum

334 2272 488 2316 numerus
509 2252 645 2320 florente
665 2252 838 2340 republica
857 2253 987 2318 circiter
1000 2249 1095 2316 XLV
1116 2249 1242 2316 milium
1262 2250 1326 2314 fuit
1344 2246 1434 2330 etqui

336 2347 379 2414 ab
402 2351 484 2436 ipsis
506 2352 633 2420 civibus
658 2361 827 2441 tamquam
845 2345 1010 2434 βάναυσοι
1032 2349 1337 2432 contemnebantur,
1365 2345 1433 2411 veri-

336 2448 534 2517 simillimum
557 2460 607 2518 est
627 2474 740 2518 eorum
765 2452 1077 2539 pronuntiationem,
1108 2449 1166 2514 ubi
1185 2448 1332 2514 urbanae
1353 2465 1435 2532 oppo-

336 2556 453 2632 natur,
489 2549 534 2616 ad
564 2551 713 2638 volgaris
747 2552 906 2617 sermonis
939 2550 1103 2616 notionem
1132 2545 1339 2614 referendam
1369 2565 1433 2609 esse

338 2645 436 2726 Quod
458 2671 555 2736 quam
576 2661 664 2716 recte
686 2651 886 2738 disputatum
908 2653 966 2734 sit,
996 2671 1063 2714 non
1085 2647 1188 2714 solum
1209 2670 1252 2713 ex
1272 2656 1434 2710 ceterorum

336 2747 596 2815 testimoniorum
625 2749 795 2836 analogia,
827 2749 885 2816 sed
912 2751 1010 2814 etiam
1037 2771 1080 2812 cx
1105 2744 1372 2834 inscriptionibus
1390 2763 1434 2806 va-

240 2893 242 2898 ·
339 2867 449 2910 sorum
471 2845 672 2932 Atticorum,
704 2871 787 2936 quae
808 2848 897 2914 haud
920 2847 1018 2914 dubie
1039 2846 1107 2914 fere
1129 2849 1238 2912 omnia
1260 2868 1304 2910 ex
1324 2839 1433 2930 inquili-

338 2967 455 3010 norum
477 2947 616 3012 officinis
641 2947 834 3033 prodierunt
855 2947 1060 3035 plurimoque
1081 2946 1292 3034 aspirationis
1307 2939 1434 3028 vulgaris

339 3045 490 3133 exempla
512 3046 676 3131 exhibent,
697 3048 783 3112 infra
804 3046 989 3134 apparebit.

397 3143 438 3212 II.
461 3144 580 3212 Strabo
602 3146 674 3212 Vll.
695 3152 756 3214 315
778 3145 819 3212 de
838 3145 945 3211 insule
965 3145 1075 3212 Pharo
1097 3143 1142 3210 ad
1162 3166 1255 3210 oram
1275 3140 1435 3208 Liburniae

337 3244 400 3310 sita
418 3243 500 3310 haec
521 3244 615 3312 dicit:

400 3338 571 3426 ,,Φάρος
591 3337 610 3430 ἡ
632 3338 837 3428 πρότερον
857 3337 1012 3428 Πάρος,
1037 3333 1178 3425 Παρίων
1198 3333 1338 3422 κτίσμα,
1358 3322 1435 3418 ilii&

338 3437 525 3528 Δημήτριος
546 3437 564 3508 ὁ
591 3437 748 3527 Φάριος“
780 3453 812 3507 et
837 3441 948 3530 paullo
973 3449 1065 3530 post:
1098 3441 1199 3518 ,,τοῖς
1225 3431 1435 3525 δέἈρόιοίοις

298 3545 300 3550 ’
340 3541 419 3620 [scil.
448 3537 636 3627 πλησιάζει]
661 3536 679 3628 ἡ
708 3537 820 3628 Φάρος
840 3536 959 3625 Πάρος
984 3535 1143 3626 λεγομένη
1166 3533 1344 3623 πρότερον·
1373 3539 1434 3601 Πα-

338 3633 423 3722 ρίων
456 3635 518 3727 γάρ
549 3637 619 3706 ἐστι
654 3637 814 3724 κτίσμα.“
856 3641 1027 3710 Consentit
1055 3639 1240 3726 Stephanus
1272 3639 1353 3728 Byr.
1373 3661 1393 3703 s.
1410 3657 1434 3698 v·

338 3733 456 3821 Πάρος
476 3742 511 3806 in
531 3741 609 3808 fine:
631 3737 732 3820 ,,έοτι
753 3737 811 3806 καί
832 3732 917 3828 άλλη
939 3733 1057 3822 Πάρος
1077 3740 1174 3825 νῆσος
1194 3739 1381 3822 Λιβυρνῶν,
1401 3727 1434 3806 rit

339 3861 422 3925 φησι
436 3834 586 3922 Σκύμνος
601 3835 620 3906 ὃ
635 3843 722 3918 Χῖος
737 3837 774 3906 έν
787 3837 909 3927 πρώτῳ
923 3833 1186 3926 περιημήσεως,“
1207 3838 1293 3904 unde
1306 3837 1433 3904 videmus

339 3937 533 4026 Scymnum,
568 3942 624 4028 qui
651 3941 764 4008 eodem
791 3942 860 4006 fere
883 3949 1047 4027 tempore,
1081 3961 1146 4028 quo
1167 3937 1305 4019 Strabo,
1334 3935 1432 4012 floruit,

338 4037 483 4104 nondum
502 4042 715 4106 recentiorem
736 4041 934 4127 scripturam
956 4041 1039 4104 sicut
1052 4038 1226 4124 Polybium
1248 4037 1300 4117 (II.
1325 4030 1431 4118 11,111.

342 4141 389 4220 18,
412 4138 452 4204 V.
475 4143 544 4219 108,
564 4139 640 4206 VH.
655 4146 698 4223 9),
720 4139 892 4228 Ephorum
913 4139 965 4218 (cf.
980 4139 1091 4227 Steph.
1112 4139 1194 4225 Byr.
1213 4162 1241 4208 s.
1261 4161 1292 4204 v.
1317 4128 1431 4216 Φάρος),
