3070 4962
859 465 917 529 131

377 638 523 723 nullom
544 641 645 710 ποσὶ
658 640 699 708 δὲ
720 632 744 708 il
768 637 924 708 δύνανται
937 635 1065 708 inundo
1083 642 1162 722 κτλ.,
1187 667 1207 708 a
1219 643 1259 711 G.
1276 642 1444 709 Dindorlio
1514 695 1523 716 ,,

377 754 410 810 et
430 743 470 810 G.
491 743 680 811 Hermanno
703 747 894 810 restitutum.
916 743 965 810 Of.
990 744 1096 810 Schol.
1119 743 1162 808 ad
1177 743 1345 830 Aristoph.
1366 741 1444 808 Plut.

376 848 656 1012 111161θέ85ράΜὸ
679 843 728 910 ed.
750 843 859 921 Dind.,
880 843 1015 910 Lucian.
1031 842 1177 910 Hermot.
1201 865 1227 910 o.
1244 849 1294 912 66.
1315 842 1445 908 Aristot.

450 992 458 1010 .
501 992 509 1021 ‚
550 992 560 1027 ‚
602 995 611 1009 .

416 1141 480 1208 His
503 1142 598 1230 plura
616 1164 681 1207 non
705 1142 832 1219 inveni,
862 1163 1057 1228 quamquam
1085 1142 1193 1208 lexica
1221 1163 1447 1227 nonnunquam
1522 1183 1523 1190 .

338 1242 454 1308 docent
475 1241 591 1308 horum
602 1239 835 1316 vocabulorum
849 1261 1018 1306 numerum
1042 1263 1114 1307 esse
1130 1261 1355 1328 permagnum.
1379 1239 1448 1306 Om-

338 1343 391 1406 nia
413 1351 520 1406 autem
541 1340 691 1406 ludorum
718 1340 849 1405 nomina
876 1341 910 1406 in
940 1333 1034 1404 -ίνδα
1066 1340 1247 1406 desinentia
1272 1342 1306 1406 in
1337 1339 1447 1406 adver·

336 1440 462 1505 bionum
483 1462 617 1505 numero
640 1439 790 1504 habenda
812 1461 882 1503 esee
906 1438 1132 1527 Theognostus
1149 1439 1342 1528 Apollonius
1366 1439 1447 1526 Dys-

337 1539 426 1605 colus
447 1539 592 1605 Joannee
614 1537 857 1605 Alexandrinus
879 1537 898 1604 l.
920 1537 941 1614 l,
963 1539 1083 1606 dicunt.
1125 1539 1267 1606 Dativus
1280 1541 1370 1606 enim
1390 1541 1449 1621 βα-

337 1636 469 1725 σιλίνδᾳ
490 1638 579 1726 apud
601 1637 737 1704 Suldam
759 1661 783 1704 s.
805 1663 835 1704 v.
858 1639 982 1723 Κῦρος,
1010 1649 1043 1704 et
1061 1631 1270 1723 κυνητίνδαν,
1304 1638 1393 1726 quod
1418 1640 1449 1702 in

337 1738 478 1804 Oratetie
498 1737 648 1803 versibus
669 1738 757 1825 apud
776 1737 941 1804 Pollucem
963 1743 993 1822 9,
1017 1745 1075 1806 155
1098 1761 1118 1804 a
1139 1737 1362 1816 Lobeckio⁴⁸)
1385 1760 1449 1804 cor·
1522 1819 1523 1824 ἵ

338 1847 461 1902 rectum
489 1845 538 1902 eat
566 1847 598 1901 et
625 1835 667 1902 ab
694 1838 751 1902 Im.
774 1836 928 1903 Bekkero
958 1847 1134 1925 receptum,
1157 1837 1297 1924 Utopica
1325 1847 1401 1904 sunt
1421 1845 1450 1901 et
1522 1883 1523 1924 ᾗ

337 1938 371 2000 in
394 1935 574 2002 scribarum
597 1936 740 2002 cerebris
764 1945 857 2018 nata,
883 1935 918 2000 id
947 1937 1034 2025 quod
1057 1947 1188 2024 praeter
1211 1935 1400 2024 analogiam
1421 1945 1450 2002 et
1522 1937 1523 1952 ¹

337 2043 482 2102 veterum
502 2035 626 2102 diserta
647 2037 832 2102 testimonia
854 2036 952 2100 etiam
973 2035 1132 2102 librorum
1154 2037 1353 2124 optimorum
1375 2038 1449 2103 scri·
1522 2109 1523 2118 ἵ

337 2145 452 2222 pturae
474 2135 652 2200 luculenter
675 2135 905 2200 demonstrant.
948 2135 1054 2200 Minae
1081 2137 1182 2222 igitur
1209 2135 1381 2203 socordiae
1402 2159 1449 2201 ac·
1522 2133 1523 2142 ’

338 2234 474 2300 cusandi
496 2244 578 2316 sunt,
598 2235 780 2321 quicunque
800 2232 932 2298 crambe
953 2235 1017 2299 ista
1030 2235 1170 2322 repetita
1184 2235 1343 2324 ejusmodi
1358 2257 1450 2302 voces
1522 2295 1523 2326 q

278 2391 282 2400 ,
337 2334 554 2399 nominativos
577 2334 658 2418 sing.
679 2355 764 2399 num.
789 2355 861 2399 esse
883 2335 1067 2420 opinantur.

320 2500 322 2504 ,
419 2431 472 2496 De
497 2441 632 2496 accentu
660 2431 725 2496 vid.
748 2431 939 2520 Goettlingii
964 2432 1083 2498 librum
1104 2455 1136 2519 p.
1159 2438 1235 2516 338,
1265 2433 1323 2500 ubi
1349 2435 1449 2500 addas

338 2529 444 2597 Schcl
467 2529 509 2595 ad
531 2530 700 2618 Aristoph.
720 2531 805 2618 Equ.
828 2537 888 2602 865
911 2537 996 2611 (851)
1017 2537 1133 2620 peon
1156 2532 1205 2599 eu
1228 2532 1339 2618 Dina,
1361 2533 1448 2600 Suid.
1522 2547 1523 2562 ¹

338 2653 364 2694 ι.
384 2653 414 2695 v.
435 2621 595 2712 χυτρίνδα.

613 2799 636 2860 ς.
656 2798 680 2849 6.
716 2795 766 2850 Do
782 2795 967 2850 adverbiis
983 2795 1018 2848 ia
1035 2795 1183 2852 -αν-δόν.

421 2929 536 2997 Restat
556 2939 593 2995 nt
612 2930 663 3024 liis
686 2930 750 2998 duo
773 2929 931 2996 adverbia
953 2928 1050 2994 simili
1071 2930 1188 2996 suffixo
1210 2931 1361 3018 praedita
1385 2933 1450 2998 adi·
1522 3005 1523 3018 χ

337 3033 484 3216 eiitnplvq-
486 3121 620 3211 τιν-δον,
655 3128 742 3216 quod
772 3128 939 3218 Hesychio
971 3136 1021 3194 eet
1054 3121 1217 3212 κρυφίως,
1251 3129 1291 3195 cf
1320 3129 1450 3194 Curtius

337 3229 447 3316 Etym.
467 3227 508 3294 H.
532 3251 563 3315 p
585 3178 645 3294 2l6
669 3251 714 3314 sq.
738 3238 769 3292 et

378 3349 466 3407 στοχ·
470 3350 527 3391 αν·
510 3321 588 3390 -δόν
610 3326 755 3414 Theogn.
777 3328 858 3396 (lan.
879 3351 910 3416 p.
936 3336 1005 3413 162,
1027 3335 1055 3395 1

386 3579 430 3644 48)
448 3574 568 3645 Paralip.
588 3573 610 3629 I.
629 3591 655 3644 p.
676 3579 722 3630 155
740 3575 789 3632 int.

776 3817 1007 3832 *nu-—
