3148 4958
665 461 707 528 29
736 477 739 486 “

123 645 297 708 mationem
321 640 518 729 dactylicam
541 641 668 708 duobus
689 643 855 731 prioribus
878 641 976 707 etiam
990 639 1155 708 Pindarus
1179 665 1244 709 ser·

122 747 222 826 ravit,
246 765 330 830 quae
346 741 544 807 carminibus
563 745 664 829 epicis
688 745 756 808 sine
779 742 878 808 dublo
891 743 1061 807 notissima
1076 753 1176 808 erant.
1199 744 1244 807 At

123 855 237 909 contra
256 843 414 908 sermonis
436 846 613 908 eommunis
634 866 727 908 usum
750 833 1131 931 000010οῗᾼλκμᾱνίδαι
1153 842 1244 908 dixit.

206 947 237 1027 ξ.
260 949 309 1010 30.
351 940 500 1006 Eandem
526 943 690 1007 formandi
717 944 877 1008 rationem
906 941 1061 1006 nonnulla
1089 952 1243 1029 patrony-

121 1045 208 1108 mica
238 1040 412 1128 praebent,
442 1063 525 1128 quae
554 1041 746 1107 ethematis
775 1043 810 1106 in
833 1064 868 1104 ευ
891 1042 957 1121 (sl)
980 1042 1077 1106 ducta
1098 1050 1186 1124 sunt3
1210 1042 1243 1104 in

123 1141 242 1228 quibus
258 1149 333 1204 ante
348 1139 463 1226 ια-δης
478 1143 765 1210 terminationem
786 1142 950 1227 digammo
973 1141 1051 1206 eliso
1073 1142 1106 1204 in
1129 1163 1148 1226 η
1170 1164 1243 1228 pro-

116 1243 265 1328 ducitur.
306 1239 382 1320 Qua
398 1241 593 1306 formatione
623 1243 734 1327 graeci
756 1253 872 1328 poetae
899 1241 1042 1307 Homero
1070 1250 1101 1304 et
1123 1239 1243 1321 Quinto

125 1341 307 1428 Smyrnaeo
342 1341 491 1426 exceptis
529 1341 714 1422 rarissime,
746 1363 910 1426 nunquam
947 1341 1041 1405 latini
1077 1341 1128 1404 usi
1162 1349 1243 1404 sunt.

124 1439 225 1526 Apud
246 1437 426 1504 Homerum
449 1448 558 1533 autem
580 1439 662 1505 haec
682 1440 847 1527 leguntur:

210 1532 490 1624 Καπανη-ιά-δης
512 1539 542 1600 Ε
564 1545 637 1623 1093
662 1533 946 1628 Μηκισση-ιά-δης
967 1543 997 1600 Ζ
1004 1543 1060 1613 281
1084 1532 1244 1624 Νηλη-ιά·

128 1639 201 1725 (11]ςὶ
224 1632 515 1724 Hence-cotum
539 1643 570 1701 Τ
591 1645 658 1722 116,
682 1645 755 1714 1233
784 1639 886 1727 Orph.
909 1639 974 1726 lap.
997 1636 1245 1723 socruum)-

129 1734 267 1825 ιά-δης
288 1738 341 1818 (Q.
364 1737 453 1817 sm).
496 1738 596 1826 Apud
618 1739 728 1824 epicos
751 1741 942 1825 posterioris
962 1739 1079 1803 aetatis
1093 1737 1175 1804 haec
1197 1739 1244 1802 in-

129 1842 316 1905 veniuntur:
352 1827 636 1923 Πάνσπη-ιδ-δης
667 1837 707 1918 Q.
730 1838 796 1906 Sm.
820 1848 855 1922 4,
879 1845 953 1914 3363
987 1832 1246 1924 Κρηδη-ιά-δης

130 1943 229 2026 epigr.
253 1961 307 2023 ap.
332 1937 430 2002 Paus.
455 1937 548 2020 VIII,
571 1943 626 2020 25,
649 1943 683 2012 9;
723 1933 932 2024 Θηση-ιάδης
961 1937 1060 2001 Anth.
1091 1961 1164 2026 app.
1194 1947 1244 2022 51,

131 2045 185 2113 333
219 2031 465 2124 Πενθη-ιά-δαι
488 2035 574 2124 Opp.
597 2059 670 2122 cyn.
692 2037 748 2120 IV,
772 2043 847 2113 2903
869 2036 987 2125 quibus
1011 2037 1137 2102 accedit
1162 2031 1246 2124 ‘ipt-

131 2131 325 2224 κλη-ιά-δης
347 2135 385 2215 Q.
408 2136 476 2200 Sm.
501 2143 527 2218 1,
550 2141 626 2219 234,
649 2137 831 2223 quodcum
854 2137 1029 2202 ethemate
1049 2139 1083 2201 in
1105 2135 1184 2222 κλης
1211 2140 1243 2214 (i.

132 2260 157 2300 0.
178 2235 305 2311 alaier,
330 2233 444 2312 ntea)
467 2236 647 2300 derivatum
672 2239 722 2320 sit,
745 2237 858 2302 eodem
879 2235 975 2301 modo
997 2235 1172 2302 formatum
1196 2247 1245 2302 est

132 2347 226 2424 atque
244 2340 474 2423 patronymica
495 2357 513 2398 e
535 2335 688 2401 thematis
710 2337 743 2400 in
766 2358 800 2399 ευ
824 2337 875 2415 (cf.
898 2341 925 2418 ξ.
947 2342 1006 2415 24).

212 2436 317 2500 Nemo
338 2457 400 2498 non
423 2433 589 2520 intelleget
616 2435 677 2500 has¹
703 2436 825 2500 formas
845 2435 1025 2502 Homerum
1046 2471 1087 2481 —
1111 2438 1167 2524 qui
1190 2435 1244 2501 alii

131 2547 244 2622 poetae
268 2536 496 2621 patronymica
525 2535 684 2621 ejusmodi
705 2537 902 2619 formarunt,
933 2539 963 2600 ei
991 2535 1127 2600 Homeri
1148 2539 1245 2601 vesti·

131 2637 183 2720 gia
204 2643 456 2723 presserunt-
477 2645 580 2699 metro
602 2657 667 2699 non
689 2643 824 2721 cogente
846 2637 970 2702 fecisse.
1016 2630 1246 2722 Μηκιστείδης

130 2737 213 2799 enim
234 2759 265 2800 v.
288 2757 313 2798 0.
344 2745 375 2797 01
401 2727 581 2819 Περσείδης
611 2757 675 2799 non
697 2737 803 2799 minus
830 2737 865 2799 in
885 2744 1025 2801 metrum
1047 2735 1244 2823 dactylicum

130 2834 302 2922 quadrant,
325 2855 423 2920 quam
446 2829 704 2920 Μηκιστηιάδης
726 2830 992 2921 01Περσηιάδης.
1034 2835 1246 2900 inveniuntur

130 2945 238 3000 autem
260 2934 342 2999 tales
372 2934 506 2998 formae
519 2957 678 3022 nusquam
709 2935 771 2999 nisi
800 2935 834 2998 in
865 2935 1013 2999 formulis
1042 2935 1245 3022 quibusdam,

130 3057 268 3123 quorum
298 3034 362 3098 duo
385 3035 506 3118 genera
528 3033 743 3099 discernenda
771 3054 841 3097 esse
866 3057 990 3106 censeo.
1032 3033 1082 3099 Ao
1104 3037 1246 3121 primum

130 3134 279 3222 quidem,
301 3133 386 3222 quod
409 3135 442 3196 in
465 3132 726 3200 adlocutionibus
746 3135 898 3220 usurpari
921 3133 1016 3216 solet,
1045 3155 1082 3198 eo
1105 3137 1246 3199 contine-
1372 3189 1374 3194 .

130 3247 197 3316 tur,
220 3233 307 3320 quod
329 3233 555 3320 patronymica
575 3235 717 3321 quinque
745 3233 798 3298 vel
822 3255 880 3298 sex
903 3233 1103 3320 syllabarum
1122 3235 1169 3298 ita
1190 3259 1245 3322 po-

130 3342 262 3413 nuntur,
284 3343 319 3396 ut
341 3332 586 3418 penthemimeri
610 3333 865 3420 plancneglecta
879 3333 1166 3420 hephthemimeris
1179 3335 1246 3418 fiat,

132 3433 183 3496 cui
214 3455 343 3518 semper
382 3432 449 3496 fere
485 3423 728 3498 trithemimeris
765 3433 927 3498 antecedit
962 3435 1012 3510 (ef.
1049 3433 1074 3498 Ι.
1102 3433 1245 3516 Bekker,

132 3531 253 3596 homer.
277 3531 402 3596 Blatter
424 3555 455 3620 p.
479 3538 559 3613 143).
603 3533 676 3613 Quo
700 3543 848 3620 spectant
869 3533 1026 3599 formulae
1049 3542 1100 3597 ut:
1166 3589 1170 3598 .

299 3627 499 3714 Διογενὲς
519 3627 766 3720 Λαερτιάδη
788 3627 989 3720 πολυμήχαν’
1014 3626 1172 3698 Ὀδυσσεῦ
1199 3709 1204 3719 .

133 3751 216 3816 quae
235 3735 276 3796 22
298 3730 378 3796 locis
396 3731 525 3817 legitur,
548 3743 580 3797 01
601 3755 683 3820 quae
707 3743 858 3820 quattuor
882 3733 961 3799 loeis
984 3733 1117 3819 legitur:

302 3820 329 3892 oi
351 3827 509 3913 Νέστορ
533 3825 753 3917 Νηληιάδη
777 3871 923 3881 ——--
944 3871 985 3879 -

134 3949 273 4012 quacum
298 3953 466 4018 compares
488 3933 517 3992 E
538 3935 610 4000 109:

301 4019 399 4110 ὄρσεο
422 4027 532 4094 πέπον
555 4026 791 4117 Καπανηιάδη.
814 4069 854 4078 -—
874 4069 915 4078 -

216 4126 363 4193 Alterum
392 4153 495 4216 genus
522 4131 748 4214 formularum,
776 4134 809 4194 in
831 4153 893 4216 quo
914 4130 1071 4218 ejusmodi
1094 4144 1246 4222 patrony-

986 3883 994 3916 7
