3034 4964
862 421 972 506 ae'

329 629 513 687 contractas
543 617 795 707 deprehenditur
825 645 925 687 unum
958 621 1128 689 solutionis
1159 621 1358 712 exemplum,
1391 623 1434 688 vel

328 741 404 796 asar,
429 719 481 786 vel
503 741 563 784 sev.
607 719 722 785 Nonne
743 731 859 808 poetae
880 720 928 786 illi
948 720 1087 788 'solutam
1108 721 1256 806 formam,
1277 723 1304 788 si
1325 725 1434 788 usitata

327 819 451 903 fnisset,
471 819 636 884 interdum
658 819 773 886 saltem
794 821 842 885 ita
862 831 1084 908 usurpassent,
1106 831 1141 886 ut
1161 842 1177 883 e
1200 824 1291 908 prius
1314 832 1387 886 ante
1405 843 1434 884 ev

328 921 425 986 etiam
445 921 541 984 unius
565 941 676 985 morae
698 921 764 984 vim
785 917 946 984 haberet?
988 919 1119 987 Deinde
1140 922 1290 1007 quamvis
1310 942 1434 1008 perraro

327 1021 534 1086 inveniantur
562 1017 715 1083 infinitivi
736 1020 852 1084 aoristi
878 1019 1027 1105 primarii
1053 1021 1089 1085 in
1109 1019 1375 1107 inscriptionibus
1394 1020 1458 1084 10·'

326 1120 420 1202 ulcis,
442 1128 551 1185 tamen
571 1115 661 1183 haud
681 1120 778 1204 parvi
799 1119 953 1184 momenti
969 1129 1027 1202 est,
1050 1119 1138 1206 quod
1149 1119 1434 1206 neunumquidem
1505 1151 1506 1210 r

329 1218 496 1285 solutionis
521 1215 707 1304 exemplum
727 1219 921 1284 contineant.
965 1217 1118 1306 Denique
1139 1221 1193 1306 qui
1216 1218 1434 1282 animadvertit

327 1339 424 1406 quam
447 1339 546 1404 saepe
567 1338 587 1381 a
608 1315 754 1382 librariis
774 1319 809 1382 in
832 1319 1008 1404 scriptores
1023 1316 1163 1400 Ionicos,
1184 1318 1328 1382 maxime
1340 1316 1433 1382 Hero·

329 1417 440 1483 dobrm
462 1416 586 1482 formae
608 1416 936 1504 epicaeiutroductae
948 1417 1022 1492 siut,
1042 1416 1071 1480 is
1087 1417 1201 1482 mirari
1211 1418 1332 1502 nequit,
1347 1418 1432 1480 etiam

325 1517 463 1582 vitiosas
482 1514 556 1582 illas
576 1517 697 1582 formas
719 1539 785 1582 non
798 1514 948 1581 exclusas
963 1537 1044 1598 esse,
1066 1519 1260 1603 praesertim
1279 1539 1349 1582 eum
1361 1518 1434 1580 inter

327 1639 383 1682 eas
404 1625 437 1705 et
463 1615 574 1681 futura
593 1615 769 1683 verborum
795 1613 993 1703 liquidorum
1021 1623 1053 1680 et
1073 1615 1178 1681 verba
1203 1617 1239 1681 in
1260 1637 1305 1680 εω
1326 1637 1434 1701 magna

328 1714 507 1782 similitudo
528 1715 717 1800 intercedat,
740 1726 838 1801 etque
852 1716 982 1780 omnino
1004 1735 1041 1797 „a
1057 1714 1314 1801 pleonasticum‘f
1327 1735 1434 1801 prosae

328 1817 524 1903 scriptorum
546 1817 716 1902 proprium
737 1814 886 1879 habitum
908 1837 980 1879 esse
1002 1807 1153 1880 videatur
1174 1815 1228 1894 (cf.
1247 1810 1434 1878 τουτέωνίη

327 1915 543 1982 declinatione
564 1917 599 1980 iu
620 1922 641 1979 ὃ
661 1918 808 1996 exeunti,
839 1934 902 1976 εων
927 1915 961 1977 in
980 1911 1114 1978 alterius
1143 1913 1368 1980 declinationis
1387 1933 1432 1998 ge

325 2016 436 2080 netivo
459 2014 616 2102 stirpibus
646 2015 785 2102 quaein
811 2034 987 2078 consonam
1010 2011 1144 2096 cadunt,
1174 2012 1359 2093 obtrusum3
1388 2008 1432 2074 vel

328 2116 361 2179 in
386 2115 508 2180 aoristo
532 2115 626 2202 prim.
648 2113 747 2178 medii
768 2110 931 2178 nonnullis
953 2111 1033 2177 locis
1049 2131 1065 2174 e
1079 2121 1155 2177 ante
1170 2115 1275 2176 εσθαι
1289 2111 1431 2199 irrepsit).

389 2213 503 2301 Itaque
525 2213 648 2279 solutas
670 2211 792 2278 formas
814 2211 856 2276 ab
876 2210 1122 2298 iambographis
1150 2211 1371 2288 cohibeamus,
1397 2231 1432 2274 ex
1474 2237 1479 2252 ·

323 2335 441 2400 prosae
462 2334 541 2379 vero
563 2309 777 2399 scriptoribus
798 2333 1031 2377 removeamus.

387 2417 418 2489 4)
438 2410 594 2477 Vocalem
616 2411 836 2498 copulativam
855 2412 889 2475 in
912 2411 1114 2476 coniunctivo
1130 2408 1266 2496 elegiaci
1281 2409 1430 2476 interdum

325 2511 368 2577 ad
379 2511 517 2577 Homeri
538 2511 723 2598 exemplum
744 2533 810 2576 non
831 2509 1066 2596 produxerunt
1098 2509 1281 2594 Ingeniose,
1303 2519 1338 2574 ut
1352 2509 1430 2590 solet,

324 2610 549 2698 Westphalius
563 2612 601 2689 ¹⁵)
634 2611 804 2699 perspexit
825 2609 1005 2676 Homerum
1030 2630 1096 2673 non
1125 2617 1161 2673 ut
1187 2607 1289 2695 vulgo
1316 2617 1429 2697 patant,

325 2709 472 2776 vocalem
486 2733 550 2794 „ex
563 2708 697 2775 licentia
712 2709 862 2796 poetica“
883 2710 1001 2791 „metri
1017 2708 1139 2773 causa“
1152 2709 1360 2795 corripuisse,
1381 2703 1430 2772 sed

325 2833 475 2876 servasse
502 2809 544 2874 ab
565 2810 692 2895 origine
713 2809 846 2873 brevem
877 2829 920 2872 ex
946 2809 1081 2894 antiqua
1108 2805 1229 2894 lingna.
1273 2807 1430 2874 Pertinent

325 2912 411 2977 euim
431 2908 514 2975 tales
536 2909 661 2976 formae
684 2907 728 2973 ad
746 2906 859 2990 verba,
882 2928 965 2993 quae
986 2908 1021 2973 in
1041 2906 1220 2972 indicativo
1233 2918 1292 2972 aut
1312 2907 1428 2974 omnino

323 3009 471 3077 vocalem
499 3007 734 3096 copulativam,
769 3008 838 3072 sive
870 3007 1131 3085 thematicamffi)
1162 3005 1204 3071 ab
1232 3009 1357 3094 origine
1383 3028 1429 3070 re-

324 3110 484 3197 spuebant
505 3109 557 3189 (cf.
569 3100 672 3189 tua,
694 3106 852 3172 Senserit.
877 3107 997 3189 i-mas,
1021 3100 1148 3192 φα-μέν
1169 3115 1254 3189 etc),
1275 3117 1332 3172 aut
1352 3114 1428 3170 certe
1491 3115 1496 3136 '

234 3203 238 3208 ’
323 3220 453 3297 praeter
484 3210 623 3275 formam
652 3228 726 3271 oum
751 3204 859 3272 vocali
893 3205 1071 3270 thamutica
1097 3207 1311 3292 compositam
1340 3206 1427 3268 etiam

324 3309 460 3375 alteram
481 3308 664 3373 breviorem
686 3304 862 3388 habebant,
885 3307 933 3369 ita
953 3315 990 3370 ut
1006 3307 1040 3370 in
1052 3305 1257 3371 coniunctivo
1273 3325 1341 3371 non
1355 3323 1427 3390 opus

322 3420 408 3474 esset
425 3407 586 3474 vocalium
602 3407 639 3490 ‘lo
654 3404 877 3493 productione,
901 3403 958 3468 sed
973 3404 1090 3470 breves
1112 3403 1305 3470 sufficerent
1331 3403 1425 3468 Latis-

322 3509 403 3574 sime
425 3515 518 3594 patet
546 3506 628 3572 haec
656 3505 807 3570 formatio
837 3505 871 3568 in
901 3505 1023 3571 aoristo
1055 3502 1262 3586 secundario,
1295 3501 1424 3568 cidusin

321 3605 497 3672 indicativo
521 3605 665 3671 vocalem
688 3606 867 3691 posteriore
893 3603 1022 3668 demum
1043 3614 1188 3690 tempore
1209 3604 1343 3668 ascitam
1363 3620 1424 3665 esse

322 3714 460 3770 testabar
481 3703 593 3790 lingua
616 3705 800 3786 Senserita,
824 3701 881 3768 ubi
904 3702 1036 3789 plurimi
1056 3705 1169 3769 aoristi
1191 3712 1304 3768 carent
1322 3698 1421 3766 vocat.

375 3957 417 4021 15)
435 3953 626 4026 „Allgemeine
643 3951 745 4024 griecb.
764 3951 883 4006 Meum
902 3951 947 4021 (Il,
966 3954 993 4021 2)
1011 3969 1076 4024 pag.
1095 3957 1214 4025 arsam.

374 4039 414 4105 16)
432 4036 544 4094 Curtius
557 4038 592 4092 de
603 4039 646 4090 his
658 4035 753 4091 formis
765 4035 824 4108 egit
835 4036 864 4090 in
873 4036 1104 4092 commentatione
1115 4036 1199 4094 inser.
1213 4053 1279 4108 „aur
1286 4030 1419 4092 cunnum

318 4121 677 4194 mmmffiw
