3034 4964
331 1330 414 1416 DE
444 1333 947 1418 PRONOMINIBUS·

589 1501 620 1580 a.
646 1507 692 1568 13.

133 1659 190 1726 De
217 1663 526 1749 pronominibus
554 1663 853 1750 personalibus,
882 1669 1145 1754 possessivis,

523 1762 750 1830 reflexivis.

145 1931 173 2005 1)
195 1927 254 1992 De
281 1927 925 2015 pronominibus·personalibus.

140 2027 179 2092 In
200 2027 401 2092 nominativo
431 2027 606 2113 singularis
636 2029 762 2114 primae
791 2052 950 2116 personae
976 2039 1107 2117 practer
1134 2033 1196 2098 for·

84 2147 166 2190 mam
188 2119 264 2208 ἐγώ,
289 2125 399 2192 Solon.
421 2132 450 2210 2,
476 2134 502 2193 1.
524 2127 608 2192 Xen.
631 2133 659 2209 7,
675 2135 704 2194 4.
727 2127 872 2214 Theogn.
888 2133 958 2196 878.
985 2134 1071 2198 1226.
1093 2130 1196 2217 Hipp.

84 2233 120 2291 tr.
142 2233 191 2306 63,
216 2233 243 2292 1.
286 2225 392 2292 Anan.
414 2235 453 2291 tr.
476 2234 505 2308 4,
526 2233 545 2294 2
567 2235 626 2296 etc.
650 2226 776 2292 duobus
805 2227 886 2294 locis
913 2229 1010 2294 etiam
1032 2231 1196 2316 antiquior

82 2325 182 2390 forma
204 2326 256 2403 (cf.
280 2325 346 2391 Set.
368 2326 476 2406 eham)
494 2335 688 2413 usurpatur,
718 2348 816 2414 quam
843 2329 928 2413 epici
950 2335 982 2392 et
1000 2327 1108 2393 Dores
1130 2351 1193 2393 ser·
1264 2337 1267 2342 '

84 2434 211 2490 verunt:
243 2424 389 2512 Theogn.
434 2431 493 2494 253
526 2419 609 2507 ε’γιὺν
639 2416 754 2509 ὀλίγης
783 2420 928 2508 τυγχάνω
966 2418 1091 2502 αἰδοῦς.
1135 2433 1195 2495 527

84 2521 213 2601 (Mimn.)
233 2515 277 2586 Ὤ
306 2546 368 2605 μοι
396 2519 479 2607 ἐγὼν
503 2519 592 2610 ἥβης.
642 2523 739 2604 Quod
767 2547 841 2590 cum
868 2526 1091 2592 tantummodo
1121 2538 1196 2591 ante

85 2632 266 2710 sequentem
298 2623 443 2688 vocalem
476 2624 596 2688 sactum
627 2624 727 2705 sit1),
757 2624 886 2688 circiter
915 2625 1056 2694 2010cis
1083 2635 1195 2690 contra

83 2721 183 2786 forma
204 2721 375 2787 decurtata
397 2731 573 2809 appareat,
602 2721 654 2787 vel
670 2723 709 2786 in
735 2723 799 2787 fine
825 2746 940 2788 versus
962 2729 1064 2808 (220),
1094 2747 1194 2812 quan·

83 2842 175 2905 quarn
204 2820 324 2908 ubique
353 2821 421 2886 solo
450 2844 498 2887 vs.
528 2828 567 2888 27
589 2830 727 2908 excepto
754 2821 932 2908 pleniorem
960 2824 1038 2908 poni
1066 2822 1195 2906 licebat,

83 2929 209 3004 poetam
233 2921 361 3007 epicam
390 2921 505 3005 poesin
534 2921 598 2985 sibi
621 2920 664 2984 ad
687 2920 880 2985 imitandum
909 2924 1194 3008 proposuisse-ex·
1273 2953 1277 2961 ·

84 3017 290 3083 istimandum
310 3029 368 3102 est,
390 3019 425 3082 id
440 3019 527 3104 quod
547 3018 657 3084 multis
680 3018 754 3084 aliis
776 3020 934 3106 exemplis
956 3023 990 3084 in
1011 3020 1076 3084 hac
1097 3043 1194 3107 para·

83 3117 203 3202 grapho
229 3117 483 3184 confirmabitur.

140 3215 258 3280 Statim
279 3217 313 3282 in
335 3217 496 3282 secundae
515 3239 675 3304 personae
690 3218 890 3282 nominativo
913 3216 1017 3281 forma
1040 3211 1090 3301 ori,
1112 3239 1195 3303 quae

83 3316 228 3399 congruit
250 3337 322 3380 cum
345 3327 526 3381 ceterorum
550 3325 721 3402 poetarum
744 3316 881 3382 dialecto
902 3315 1010 3402 patria
1024 3316 1076 3392 (cf.
1093 3315 1194 3402 Hipp.

83 3419 118 3478 tr.
143 3420 192 3496 32,
215 3423 229 3480 1
255 3419 336 3498 ete),
359 3415 472 3480 eadem
494 3414 546 3480 vel
568 3415 659 3501 apud
681 3415 904 3502 Theognidem
927 3419 1016 3498 (696,
1040 3419 1096 3482 781
1122 3421 1194 3492 etc.)

84 3510 258 3597 invenitur,
288 3535 473 3602 quanquam
502 3513 591 3606 apud
612 3514 719 3579 Dores
747 3511 912 3580 triforme
941 3513 983 3578 ab
1013 3515 1194 3600 antiquiore

85 3631 223 3678 consona
243 3633 261 3674 τ
282 3614 443 3702 incipiens
463 3612 598 3698 vulgata
618 3624 698 3679 erat.
741 3613 855 3700 Neque
881 3614 986 3677 minus
1009 3613 1043 3675 in
1064 3611 1194 3677 relicuis

85 3709 210 3776 casibus
233 3710 277 3776 ad
298 3712 490 3799 exemplum
511 3711 600 3777 Iadis
627 3713 818 3778 recentioris
841 3718 885 3790 (et
905 3713 1103 3788 vetustioris)
1125 3709 1194 3776 ubi·

144 3959 238 4026 '1)Vs.
258 3963 307 4015 968
326 3960 435 4030 quidem
453 3959 481 4012 K
501 3959 655 4029 habetpro
676 3958 814 4029 scriptura
831 3959 885 4029 ἐγώ
904 3959 1020 4031 γνώμης
1041 3961 1194 4010 ceterorum

85 4039 203 4096 codicum
231 4043 323 4113 ἐγών,
338 4045 401 4097 Δειεό
427 4049 520 4097 tamen
547 4055 610 4094 curn
635 4041 826 4096 idemstatim
843 4059 883 4096 vs.
904 4045 952 4103 oto
980 4039 1051 4116 ᾔδην
1069 4038 1196 4110 proici

86 4127 221 4196 praebeat,
235 4126 332 4188 clucet
349 4147 366 4184 ν
383 4144 401 4182 a
417 4127 529 4182 librario
547 4140 607 4180 esse
624 4125 829 4196 interpolatum.

130 4207 422 4276 uuitrua‚sruuen.2.
506 4217 507 4221 ’
613 4231 616 4236 ·
722 4241 726 4249 -
971 4212 983 4260 1
1023 4235 1026 4240 ·
