3070 4962
774 406 941 512 '164

354 635 408 698 33:
431 609 582 710 ἑῦνομία,
606 635 659 698 35:
690 622 826 711 τραχέα,
861 633 915 697 38:
940 620 1097 711 πραΰνει,
1127 633 1164 711 9,
1185 634 1219 694 2:
1243 623 1398 712 λαμπρᾶς
1416 629 1455 692 οἱα

353 727 452 794 Diod.
474 726 572 793 Sicul.
602 737 633 792 et
653 726 749 810 Plut,
780 736 893 792 contra
914 726 1012 812 Diog.
1042 727 1079 794 L.
1106 725 1272 814 λαμπρῆς,
1297 736 1331 796 5:
1353 721 1455 812 ῥᾴδιον

356 827 466 903 (Diod.
490 825 555 892 Sic
577 826 649 892 cod.
672 822 885 909 ῥαΐδιον);·11
898 876 908 909 ,
933 834 963 894 1:
987 819 1147 910 ὑμετέραν
1168 827 1283 910 Diod,
1315 835 1456 908 concap

356 927 453 1012 Diog.
482 927 537 1010 L.,
567 926 650 991 Plut.
673 963 710 971 —
732 935 818 991 tetr.
843 929 899 1008 32,
928 931 961 993 3:
984 920 1126 1005 μιάνας,
1149 933 1205 1010 33,
1225 933 1259 994 3:
1287 917 1403 1009 ἄγραν,
1428 932 1456 992 6:

340 1019 478 1108 ,ἡμέραν
506 1024 613 1104 (facilc
642 1034 769 1110 poterat
799 1026 963 1110 corrumpi
994 1035 1129 1112 propter
1158 1020 1260 1106 μίαν).
1282 1035 1327 1092 tr.
1350 1032 1404 1107 36,
1428 1031 1457 1089 5:

356 1119 526 1207 ἐλευθέρα,
549 1131 582 1190 7:
603 1119 807 1206 πραθέντας,
836 1130 888 1189 14:
910 1116 990 1205 βίον
1004 1124 1151 1209 Aristid,
1171 1133 1286 1190 contra
1304 1120 1456 1188 Plutarch.

313 1232 317 1240 '
354 1246 393 1309 ης
416 1230 464 1308 37,
487 1231 520 1294 3;
544 1221 675 1306 δρᾶσαι.

218 1319 222 1327 ⁴
308 1335 310 1340 '
416 1323 462 1389 Ut
484 1323 524 1388 de
545 1322 664 1388 iambis
687 1332 719 1388 et
739 1322 902 1388 trochaeis
929 1309 1040 1409 priore
1067 1323 1139 1390 loco
1160 1322 1316 1388 iudicium
1337 1320 1456 1385 faciam:

355 1422 417 1488 hoc
437 1445 497 1508 pro
519 1431 606 1487 certo
630 1444 755 1488 sumere
775 1421 901 1504 licebit,
924 1443 943 1506 η
965 1421 1148 1509 ubicunque
1170 1426 1292 1497 exstat,
1312 1442 1377 1486 non
1396 1417 1457 1482 Illa·

227 1559 229 1564 ·
356 1530 423 1586 tum
446 1543 518 1586 esso
539 1543 559 1584 a
580 1519 734 1602 librariis,
756 1543 831 1584 narn
853 1519 1006 1606 analogia
1025 1521 1214 1608 tragoediae
1231 1531 1265 1584 et
1284 1517 1457 1584 comoediae

357 1622 438 1687 satis.
458 1620 564 1686 edocti
586 1629 680 1684 erant
699 1619 742 1684 ab
764 1619 814 1683 his
836 1621 947 1684 metris
969 1642 989 1706 η
1011 1620 1173 1702 vocalem,
1201 1619 1258 1684 ubi
1278 1641 1345 1683 non
1365 1617 1458 1682 estin

355 1719 467 1805 lingue
487 1719 615 1802 Attica,
643 1718 733 1804 apud
752 1717 878 1784 Atticos
900 1729 1014 1806 poetes
1045 1719 1184 1786 alienam
1215 1740 1295 1784 esse.
1340 1716 1458 1782 Illatun

355 1841 434 1885 vcro
457 1841 528 1884 csse
547 1841 567 1904 η
589 1820 624 1882 in
646 1816 774 1882 Solonis
802 1818 985 1904 fragmenta
1008 1818 1212 1884 statuendum
1233 1826 1319 1884 essct
1339 1818 1385 1898 ci,
1412 1814 1458 1901 qui

334 1921 377 2002 'u
398 1918 575 2002 genuinum,
594 1915 737 1982 haberet
780 1917 864 1982 Nam
886 1928 973 1983 certe
992 1941 1087 1985 nemo
1109 1928 1226 2004 poetae
1245 1917 1402 2002 largietur
1420 1915 1459 1978 in·

276 2077 280 2082 .
355 2019 572 2082 constantiam
594 2038 677 2104 quae
699 2017 880 2100 exsisteret,
902 2018 930 2082 si
951 2018 1164 2104 probaremus
1180 2039 1253 2082 cum
1274 2017 1458 2102 scripturam
1513 2063 1514 2066 η

354 2115 483 2180 illorum
502 2115 709 2180 tumhorum
730 2114 887 2181 locorum:
907 2127 978 2182 tetr.
1003 2123 1052 2199 32,
1074 2123 1107 2182 2:
1128 2110 1204 2201 βίης
1224 2121 1287 2198 (34,
1303 2121 1336 2181 2:
1359 2107 1459 2200 δήϊοι),
1513 2105 1514 2128 ³

354 2224 393 2279 tr.
417 2219 466 2300 36,
488 2221 522 2283 8:
545 2207 733 2299 ᾀναγκαίης,
761 2222 812 2280 ll:
835 2212 976 2300 δουλίην.
1021 2215 1090 2281 Iam
1111 2216 1174 2281 hac
1189 2216 1229 2280 de
1249 2236 1349 2280 causa
1368 2213 1459 2298 suspi-

355 2314 401 2378 tio
421 2316 524 2378 oritur
547 2335 568 2375 α
590 2313 735 2378 librariis
766 2313 886 2378 deberi.
927 2314 1035 2394 Quam
1063 2314 1157 2381 facile
1186 2314 1234 2378 illi
1263 2312 1458 2380 hominesin

356 2433 498 2477 errorem
519 2411 629 2476 induci
657 2423 823 2498 poterant,
855 2415 910 2500 qui
938 2413 1051 2499 lingua
1071 2414 1182 2478 Attica
1204 2414 1326 2478 assueti
1353 2417 1458 2490 essent,

357 2510 485 2598 qualem
518 2533 560 2592 ex
592 2533 711 2597 prosae
743 2511 957 2598 scriptoribus
986 2522 1019 2577 et
1046 2523 1132 2578 certe
1164 2515 1263 2578 etiam
1290 2535 1332 2576 ex
1365 2509 1458 2598 poetis

357 2610 514 2674 scaenicis
536 2611 700 2696 cognitam
713 2609 886 2677 habebant
933 2611 1056 2693 Quare
1078 2611 1174 2676 simul
1190 2611 1271 2678 fides
1292 2611 1459 2677 formarum

356 2709 390 2772 in
412 2708 523 2794 elegiis
546 2731 605 2796 per
626 2731 647 2771 α
670 2711 865 2795 scriptarum
884 2710 1051 2796 ¹aliquanto
1073 2711 1282 2778 imminuitur.

420 2807 532 2888 Quid?
554 2810 582 2872 si
602 2807 774 2873 luculentis
796 2808 953 2895 exemplis
983 2807 1212 2876 demonstrabo
1232 2820 1376 2874 veterem
1398 2808 1460 2872 dia·

356 2905 475 2970 lectum
494 2905 637 2972 Atticam
667 2909 765 2972 etiam
785 2910 820 2972 in
847 2907 909 2972 hac
929 2931 965 2973 re
995 2932 1060 2974 non
1091 2920 1159 2974 tam
1181 2909 1346 2974 dlvcr'sam
1371 2909 1459 2973 fuisse

360 3004 401 3069 ab
423 3005 516 3085 Iade,
537 3029 633 3092 quam
658 3030 678 3072 a
698 3007 808 3072 multis
831 3007 920 3072 credi
941 3008 1078 3073 videtur.

417 3097 667 3192 Antiquo‘enim
685 3101 857 3194 tempore,
882 3104 1056 3192 Clisthenis
1085 3107 1223 3172 nisime
1249 3105 1333 3172 fallit
1353 3105 1459 3193 opinio,

359 3203 400 3270 ab
423 3204 542 3272 Atticis
561 3228 581 3292 η
603 3207 638 3271 in
666 3206 786 3271 dativis
812 3213 838 3272 1.
860 3203 940 3269 decl.
971 3203 1151 3270 adhibitam
1173 3229 1261 3284 csse,
1289 3203 1459 3272 testimonio

358 3313 407 3368 est
432 3303 643 3370 Demosthen.
665 3304 777 3370 XLIII
810 3299 907 3386 (πρὸς
934 3297 1190 3388 Μακάρτατον),
1221 3304 1278 3370 ubi
1309 3309 1338 3387 ξ.
1360 3311 1394 3371 51
1425 3322 1458 3364 ex

353 3403 491 3490 ,antiqua
510 3401 583 3489 lege
605 3404 797 3468 afferuntur:
812 3397 928 3478 Ὅστις
949 3394 989 3464 dv
1009 3400 1055 3490 μὴ
1078 3400 1282 3486 διαθέμενος
1304 3397 1457 3484 ἀποθάνῃ,

298 3538 302 3551 -
360 3496 419 3563 ἐὰν
436 3495 497 3580 μὲν
517 3500 644 3580 παῖδας
664 3495 849 3588 καταλείπῃ
870 3497 1048 3587 θηλείοος,
1079 3499 1137 3566 σὺν
1157 3497 1323 3589 ταύτῃσιν,
1354 3491 1459 3566 ἐὰνδὲ

357 3597 417 3686 μὴ,
444 3593 560 3676 soeges
579 3597 711 3686 κυρίους
738 3592 910 3665 εἶναιτῶν
934 3596 1119 3687 χρημάτων.
1153 3602 1255 3669 Immo
1277 3625 1356 3670 vero
1376 3600 1459 3667 ncin

359 3699 460 3766 altero
484 3700 613 3788 quidem
641 3703 746 3789 quinti
775 3702 896 3770 saeculi
924 3701 1057 3767 dimidio
1085 3712 1263 3767 evanuerat
1283 3704 1317 3768 in
1343 3709 1459 3768 senatis

358 3809 390 3862 et
418 3799 533 3885 populi
551 3799 759 3866 Atheniensis
790 3802 888 3884 actis,
919 3801 1030 3888 quales
1059 3801 1253 3888 antiquioris
1280 3825 1357 3868 usus
1383 3809 1459 3864 tenu·
1511 3785 1512 3862 ]

321 3975 327 3986 Ι
361 3899 464 3962 ciores
496 3922 567 3965 esse
601 3899 711 3965 solent.
754 3899 921 3988 Leguntur
955 3903 1040 3966 enim
1072 3899 1176 3964 dativi
1208 3900 1343 3987 pluralis
1361 3901 1393 3964 in
1411 3914 1459 3982 ησι

358 3997 411 4061 vel
432 4014 488 4083 ῃοι
510 4009 664 4064 excmrtes
705 3998 802 4086 Corp.
824 3999 850 4064 Ι.
872 3999 897 4083 Ι,
920 4007 969 4082 71,
993 3999 1051 4066 col.
1072 3999 1109 4082 b,
1132 4001 1250 4066 5-1'0:
1276 4001 1346 4076 τοῖς
1369 3989 1458 4080 μίοτ-

359 4101 452 4182 [popo
472 4094 529 4160 καί
549 4100 629 4178 τοί[ς
650 4092 723 4179 ἐπό]
742 4118 870 4184 πτῃσιν,
892 4105 941 4166 25.
963 4106 997 4167 6:
1019 4094 1054 4162 ἐν
1071 4100 1161 4187 efflet]
1184 4091 1333 4177 πόλεσιν,
1353 4102 1397 4166 30.
1413 4099 1459 4161 31:
