3088 4966
859 443 921 508 242

415 622 491 704 Qua
518 644 561 687 ex
589 644 625 686 re
654 643 751 709 quam
779 619 898 686 subtile
923 619 1021 686 fuerit
1048 640 1210 708 quamque
1238 623 1374 711 elegans
1393 623 1449 689 So·

332 722 459 810 phoclis
487 723 522 786 in
542 743 695 786 versuum
717 730 750 786 et
770 721 927 786 orationis
957 723 1100 788 numeris
1130 723 1345 810 disponendis
1365 723 1450 788 indi

333 823 418 888 cium
440 822 524 887 bene
545 823 757 909 perspicitur,
787 817 922 885 eandem
945 843 1024 886 vero
1046 821 1286 887 consideratam
1308 821 1452 908 eligendi

333 921 537 1007 diligentiam
566 923 599 985 in
629 920 747 984 ceteris
773 941 899 1006 quoque
926 921 1037 1004 eisque
1058 941 1122 986 non
1144 923 1260 1007 paucis
1287 919 1392 986 rebus
1423 930 1454 984 et

334 1021 487 1086 admirati
509 1041 620 1086 sumus
642 1028 674 1084 et
694 1039 772 1092 mox
793 1017 1037 1084 admirabimur.

418 1118 582 1200 Quoniam
603 1115 730 1182 duobus
752 1116 921 1203 exemplis,
944 1117 985 1182 de
1005 1115 1238 1204 productorum
1252 1119 1375 1184 harum
1397 1141 1455 1182 vo·

320 1205 409 1284 'cum
428 1241 490 1284 usu
512 1228 543 1283 et
565 1215 692 1282 delectu
714 1214 793 1304 quid
821 1217 1013 1281 sentiremus
1041 1217 1204 1303 copiosius
1226 1219 1455 1305 exposuimus,
1498 1227 1501 1234 ’

334 1317 467 1382 brevius
500 1316 611 1382 licebit
645 1323 754 1380 cetera
783 1313 963 1400 adiungere
991 1314 1085 1380 huius
1117 1317 1248 1400 generis
1277 1315 1456 1395 vocabula,

334 1418 528 1504 praesertim
560 1437 634 1482 cum
659 1433 828 1500 perpauca
852 1415 1061 1480 inveniantur
1095 1437 1168 1480 cum
1197 1413 1262 1480 illis
1292 1415 1337 1480 ab
1367 1417 1457 1480 omni

334 1525 428 1602 parte
450 1513 654 1580 conferenda.

416 1614 525 1700 Atque
546 1608 724 1696 γούνατα
745 1611 802 1689 ¹²²)
823 1613 884 1677 etsi
905 1610 1025 1678 dicitur
1045 1634 1067 1677 a
1087 1614 1200 1678 nuntio
1226 1611 1404 1682 Oanot:

376 1709 531 1798 ῥίγησαν,
564 1703 610 1788 ὡς
630 1702 789 1797 ἥκουσαν·
813 1705 847 1788 ὃς
866 1705 902 1773 δὲ
923 1704 1072 1792 γούνατα

376 1807 504 1896 πατρὸς
527 1812 694 1874 πεσοῦσαι
715 1806 840 1886 κλαῖον,

336 1913 467 1978 minime
494 1919 603 1976 tamon
627 1912 814 1976 nuntiorum
846 1911 1069 1978 narrationum
1099 1931 1172 1974 esse
1203 1909 1349 1975 solarum
1382 1931 1456 1998 pro-

336 2013 444 2098 prium
467 2033 506 2075 ac
524 2009 702 2097 peculiare,
731 2011 852 2097 optime
874 2009 1082 2093 cognoscitur
1104 2011 1132 2074 si
1153 2031 1218 2074 non
1237 2030 1256 2072 e
1276 2007 1456 2095 Sophoclis

336 2120 369 2174 et
389 2108 545 2196 Aeschyli
565 2108 695 2192 fabulis,
717 2111 752 2176 in
774 2107 891 2193 quibus
915 2129 1051 2195 perraro
1073 2107 1191 2193 legitur
1212 2129 1280 2172 vox
1302 2103 1400 2189 γόνυ,
1425 2119 1456 2172 at

337 2209 485 2274 emultis
506 2207 587 2274 locis
608 2207 794 2295 Euripidis,
826 2209 881 2296 qui
910 2208 957 2271 ita
985 2208 1087 2272 utitur
1109 2204 1278 2272 vocabulis
1303 2201 1456 2288 yoniam

335 2302 470 2391 γόνασιν
492 2317 525 2372 ot
546 2299 712 2390 γουνάτων
733 2299 903 2388 γούνασιν,
926 2313 963 2370 ut
986 2327 1059 2372 cum
1079 2315 1216 2392 utraque
1235 2305 1271 2368 in
1294 2307 1456 2392 precandi

336 2405 527 2494 plerumque
548 2405 764 2472 locutionibus
786 2426 996 2490 magnacum
1010 2406 1173 2490 gravitate
1187 2412 1221 2468 et
1235 2407 1457 2470 commotione

336 2507 436 2570 animi
460 2505 624 2588 dicantur,
653 2505 776 2570 nullum
803 2505 888 2568 inter
913 2501 1098 2569 breviorem
1122 2512 1156 2568 et
1182 2500 1369 2587 longiorem
1392 2505 1455 2568 for-

336 2627 423 2669 mam
445 2601 627 2668 intercedat
646 2605 709 2668 nisi
731 2623 902 2668 mensurae
921 2601 1104 2668 discrimen.

420 2702 580 2768 Secuntur
608 2695 908 2786 δουρικλύτοις
928 2701 1020 2768 Pers.
1042 2708 1092 2771 85.
1116 2707 1168 2780 (c)
1198 2697 1456 2787 δουρικμῆτι

336 2801 480 2889 Ohoeph.
503 2801 638 2880 365.¹²³)
656 2807 706 2880 (c.)
736 2791 990 2886 doopiapxd'
1016 2800 1104 2888 Sept
1127 2805 1196 2868 278.
1218 2799 1274 2878 (d.)
1305 2794 1457 2884 δουρί-

336 2899 492 2988 ληπτον
518 2900 593 2965 Ant.
616 2901 749 2978 894.¹²⁴)
777 2899 833 2978 (d.)
857 2892 1148 2982 donecdlcnou
1167 2897 1218 2964 Ai.
1240 2901 1382 2969 211212⁵i
1400 2905 1457 2978 (a).

337 2999 434 3082 Quod
466 3001 720 3086 compositorum
751 3021 854 3084 genus
889 3021 961 3064 oum
991 2999 1120 3064 omnino
1151 3013 1216 3064 non
1244 2999 1288 3062 sit
1316 3021 1453 3064 consue·
1541 3025 1542 3103 γ

334 3097 446 3164 tudine
470 3096 600 3183 volgari
623 3106 807 3185 receptum,
837 3097 895 3162 sed
918 3100 950 3162 si
975 3119 1040 3163 non
1065 3097 1290 3180 Homericam,
1320 3107 1358 3162 at
1372 3121 1450 3185 poe·

334 3200 433 3264 ticam
455 3198 558 3284 spiret
578 3196 869 3283 magnificentiam,
897 3195 993 3262 facile
1014 3197 1112 3262 etiam
1131 3197 1269 3262 formam
1293 3197 1457 3263 adsciscit

335 3307 507 3386 poetarum
527 3297 706 3384 propriam.

417 3396 456 3462 In
477 3394 554 3461 solis
577 3396 712 3460 canticis
734 3393 816 3460 haec
836 3393 1001 3480 leguntur:

377 3487 624 3576 dedcorant)
645 3491 729 3558 Phil.
751 3499 822 3561 722.

386 3773 444 3838 122)
462 3769 586 3841 γούνατα
603 3776 646 3826 est
661 3770 803 3843 ydrfosa,
823 3791 976 3844 γουσατιις
993 3771 1029 3828 cf.
1048 3773 1095 3828 lat
1113 3789 1212 3844 genu.
1256 3828 1260 3838 ,

386 3858 444 3923 123)
462 3853 507 3909 Sic
524 3852 713 3910 Blomfieldius
732 3857 815 3912 scribi
831 3857 910 3912 iussit
925 3873 976 3928 pro
994 3857 1151 3932 σορινμῇτι.

388 3941 446 4007 124)
463 3937 496 3991 In
513 3937 597 3996 Iram.
614 3939 650 3993 A.
669 3945 711 3992 est
729 3940 907 4010 δορίληπτοι.

388 4023 446 4090 125)
464 4020 623 4076 Certissima
633 4021 768 4076 Brunokii
781 4025 946 4080 emendatio.

386 4105 444 4170 126)
463 4103 579 4176 δούρατι
596 4109 686 4159 ortum
703 4121 793 4160 essee
811 4107 938 4180 ddchn
954 4107 1014 4178 ipse
1031 4107 1133 4163 nomin.
1153 4107 1225 4180 δόρυ
1243 4107 1373 4162 ostendit.
1393 4165 1399 4174 ,

594 4493 605 4496 -
673 4497 688 4533 ,
