3088 4966
854 408 923 470 244

356 610 360 616 ·
382 587 458 654 Ant:
482 592 574 653 1241:
595 579 673 670 τέλη
696 579 805 664 λαχών
828 578 976 661 δείλαιος
997 577 1057 649 εῖν
1070 581 1203 660 ‘'Ardou
1225 585 1351 670 δόμοις.

424 687 532 767 Quam
552 683 746 770 particulam
768 707 895 748 summa
916 684 1007 749 multi
1034 687 1154 752 iniuria
1180 688 1214 750 in
1235 689 1453 774 suspicionem

341 794 539 851 vocaverunt
568 794 681 870 utpote
711 781 753 846 ab
780 785 868 847 omni
895 783 1021 868 reliqua
1053 794 1123 848 arte
1147 789 1275 871 tragica
1299 787 1456 868 alienam3

342 889 413 972 quis
444 895 492 948 est
520 885 604 946 enim
626 884 705 968 quin
730 881 841 944 videat
862 892 963 950 totam
990 883 1085 948 huius
1111 883 1286 949 locutionis
1316 886 1456 950 formam

342 983 486 1048 consulto
508 980 786 1048 accommodatam
803 1003 873 1044 esse
893 981 936 1046 ad
950 980 1159 1046 Homericam
1179 983 1268 1047 illam
1282 984 1457 1048 formulam

342 1083 491 1148 omnibus
505 1081 643 1147 Graecis
664 1081 867 1145 notissimam
888 1071 1084 1144 cla’At'doo
1107 1075 1287 1162 ddpototv‘?

425 1181 575 1265 Denique
603 1181 637 1243 in
655 1171 847 1244 hexametro
876 1179 941 1264 legi
970 1181 1106 1244 sormam
1127 1184 1253 1268 epicam
1281 1181 1460 1248 admodum

343 1303 452 1345 raram
482 1271 670 1358 alatum)
698 1279 758 1344 Tr.
782 1285 877 1347 1034:
908 1275 966 1342 τὸν
995 1271 1111 1363 φύτορ’
1148 1273 1314 1360 οἰκτείρας
1335 1273 1456 1344 ἀνεπί-

344 1383 477 1463 φθονον
499 1371 630 1461 εἴρυσον
651 1371 759 1460 ἔγχος,
784 1399 849 1442 non
868 1379 986 1442 mirum
1007 1388 1064 1444 est

428 1480 497 1542 lam
520 1501 592 1543 cum
620 1479 654 1541 in
677 1477 832 1544 diverbiis
854 1475 1035 1564 Aeschylus
1064 1477 1153 1541 nulla
1179 1499 1258 1542 usus
1284 1481 1330 1542 sit
1353 1479 1462 1544 huius·

345 1577 434 1642 modi
455 1579 569 1658 forma,
593 1575 770 1662 Sophocles
789 1585 920 1662 praetor
942 1575 1103 1640 vocabula
1121 1577 1154 1639 in
1177 1578 1265 1640 omni
1286 1581 1388 1663 poesi
1404 1579 1461 1642 fre·

346 1679 557 1762 quentissima
577 1677 715 1756 μοῦνος,
748 1673 866 1752 ξεῖνος,
903 1667 1044 1754 γούνατα
1074 1685 1106 1738 et
1126 1677 1309 1761 composita
1329 1680 1463 1762 poetica

346 1776 429 1842 nihil
458 1777 643 1856 novaverit,
672 1776 761 1856 iure,
796 1775 928 1859 opinor,
956 1773 1162 1838 Hermannus
1200 1769 1463 1852 ἐξεκείνωσεν

346 1877 435 1941 Pers.
454 1879 522 1940 761.
545 1873 735 1939 commutari
755 1872 844 1936 iubet
866 1893 938 1936 cum
953 1867 1172 1956 ἒξερήμιοσεκς
1199 1874 1270 1938 inre
1290 1895 1355 1960 pro
1381 1897 1463 1938 κει-

347 1972 415 2039 adv
437 1975 492 2040 Tr.
516 1979 586 2039 495.
615 1971 813 2036 substituunt
833 1964 941 2052 aavdv3
974 1973 1045 2034 iure
1073 1971 1156 2036 Phil.
1180 1979 1249 2038 251.
1278 1975 1463 2040 reiecerunt

348 2065 521 2152 οὕνομα,
558 2091 623 2159 qua
653 2072 840 2134 coniectura
868 2069 1042 2134 Triclinius
1071 2093 1201 2134 versum
1228 2084 1345 2158 aperte
1380 2097 1462 2138 men·

348 2174 475 2237 desum:
869 2197 873 2202 ·

517 2259 594 2331 οὐδ’
620 2257 736 2346 ὄνομ’
762 2258 845 2328 οὐδὲν
862 2269 928 2331 τῶν
950 2261 1168 2348 &perdurantia
1188 2265 1290 2346 κλέος

350 2393 465 2437 sanare
501 2368 564 2432 sibi
595 2368 684 2430 visus
718 2375 796 2430 erat.
838 2365 988 2453 Denique
1020 2360 1377 2448 ὖπιίροχοκΡκοω.
1399 2379 1462 2440 428

348 2469 404 2534 Tr.
430 2475 523 2535 1096..
541 2466 705 2529 trimetros
726 2474 838 2550 aperte
860 2467 1049 2552 corrumpit.
1142 2529 1145 2537 ,

857 2667 886 2745 §-
913 2671 959 2730 12.

513 2815 516 2819 ·
573 2796 632 2860 De
655 2795 835 2881 singulis
853 2795 1077 2862 vocabulis
1100 2799 1241 2884 epicis.

413 2932 416 2940 ’
436 2929 518 2995 Sunt
539 2949 646 3016 pauca
669 2937 830 2993 terrarum
851 2935 883 2992 et
904 2929 1047 3014 gentium
1069 2932 1215 2994 nomina:

397 3023 519 3116 Θρῄξ,
548 3029 692 3114 Θρῇσσα,
720 3021 881 3115 Θρῄκιοςς
905 3020 1055 3112 Μηλίς,
1082 3022 1231 3112 Materte,
1257 3025 1432 3116 Μηλιεύςς

391 3118 586 3209 Ἀσιῆτις
611 3125 700 3191 Pers.
725 3131 773 3194 61.
796 3129 850 3204 (a.)
881 3149 963 3212 quae
985 3129 1075 3221 epioe
1102 3151 1198 3216 quam
1215 3121 1330 3194 'Attice
1352 3141 1463 3217 poetae

352 3227 453 3291 Attici
475 3227 685 3312 pronuntiare
708 3225 889 3290 maluerint.
934 3225 1035 3302 Cuius
1055 3228 1104 3290 rei
1129 3227 1216 3295 hanc
1240 3229 1346 3296 fasse
1374 3253 1462 3296 caus·

259 3347 262 3352 ·
353 3349 438 3407 sem,
467 3347 508 3388 ne
530 3323 686 3388 adhibitis
706 3325 890 3390 nominibus
911 3325 1045 3399 Doricis
1064 3359 1108 3375 -ψ
1132 3348 1216 3410 quae
1240 3328 1461 3414 involgarem

352 3425 596 3488 Atheniensium
626 3445 721 3486 usum
750 3433 905 3488 venerant
929 3455 972 3470 --
992 3424 1045 3488 τά
1074 3425 1273 3492 cotidianum
1298 3427 1461 3493 hominum
1539 3439 1540 3446 ’

353 3546 532 3588 sermonem
561 3523 656 3584 nimis
690 3522 859 3588 accederet
881 3523 1069 3609 tragoediae
1092 3525 1213 3606 oratio,
1241 3523 1325 3590 bene
1356 3527 1460 3592 obser·

305 3699 308 3702 .
352 3623 442 3686 vovit
462 3621 759 3697 normannusrto·
787 3621 991 3709 Quamquam
1017 3619 1082 3686 non
1103 3624 1192 3710 ipsos
1215 3625 1384 3690 invenisse
1403 3625 1461 3689 hoe

353 3722 528 3784 discrimen
556 3730 678 3806 poetas
693 3721 851 3805 tragicos,
885 3722 942 3786 sed
964 3723 1131 3807 accepisse
1153 3744 1173 3784 a
1193 3731 1366 3808 poetarum
1387 3724 1459 3808 lyri-

351 3873 558 3882 --—-.—..-........

407 3971 464 4036 136)
484 3968 554 4040 &pria
573 3967 685 4038 proprie
703 3971 745 4020 est
760 3969 791 4020 F
788 3965 866 4040 ιρίω,

406 4057 465 4120 137)
483 4051 575 4107 Praef.
594 4051 629 4104 ad
645 4051 711 4106 Eur.
732 4051 833 4108 Bacch.
851 4071 877 4122 p.
899 4057 921 4108 7.
