3088 4966
541 425 544 432 ¹
663 475 724 538 ττι

176 645 283 735 άμμι
309 655 396 743 Sept.
422 661 493 723 156:
514 647 548 717 τό
568 647 670 730 πόλις
691 644 798 734 rippa
819 645 958 732 πάσχεις
981 644 1015 714 τί
1036 644 1221 738 γενόσεταις
1283 705 1287 714 .

176 744 281 834 ι’)’ριμε
302 755 376 822 Ant.
400 762 475 824 846:
498 750 726 838 ξυμμάρτυρας
746 744 841 833 ὔμμ’
866 747 1063 831 ἐπικτῶμαι.

176 851 271 920 Eum.
291 860 366 922 620:
388 853 444 934 (d.)
459 851 564 942 βουλῇ
581 847 763 940 πιφαύσκω
785 843 817 914 d’
838 843 931 932 ὔμμ’
957 844 1167 914 ἐπισπέσθαι
1180 869 1249 912 πα-

128 945 211 1036 τρός
231 955 265 1018 in
286 953 447 1042 Apollinis
470 954 634 1019 vaticinio.

177 1042 282 1132 άμός
303 1051 392 1140 Sept.
413 1059 489 1119 417:
518 1049 577 1116 τὸν
598 1044 703 1133 ἀμόν
723 1073 777 1114 νυν
800 1042 984 1114 ἀντίπαλον
1006 1041 1149 1128 εὐτυχεῖν
1169 1045 1248 1112 θεοὶ

132 1145 234 1217 δοῖεν.

178 1249 257 1338 Sup.
285 1257 356 1319 105:
378 1252 523 1336 πυθμήν
540 1251 545 1334 Ι
565 1242 609 1314 δι’
633 1241 655 1314 ά
663 1245 742 1332 μὸν
761 1243 869 1332 γάμον
886 1241 1049 1324 τεθαλιός.

177 1347 237 1415 Oh.
259 1355 333 1416 428:
356 1347 513 1436 κροτητὸν
534 1342 555 1412 ά
563 1347 638 1431 μὸν
659 1346 717 1413 καί
737 1343 929 1413 πανάθλιον
942 1341 1038 1430 κόραξ

177 1447 237 1514 Oh,
259 1455 331 1517 437:
355 1443 448 1513 dauns
470 1441 504 1512 δ’
529 1441 639 1530 ἀμᾶν
657 1450 768 1531 χερῶν.

175 1546 252 1613 Ant.
274 1553 349 1615 865:
372 1539 458 1632 άμῷ
479 1546 581 1630 πατρὶ
603 1541 765 1632 όυςμόρου
786 1539 984 1629 pandum)

220 1646 424 1734 Quamquam
445 1649 539 1714 huius
562 1647 690 1737 quidem
713 1648 913 1736 pronominis
935 1647 1032 1712 latius
1054 1654 1145 1733 patet
1161 1665 1248 1727 usus,

130 1749 257 1836 quippe
272 1746 368 1836 'quod
388 1747 546 1812 diverbiis
569 1769 697 1836 quoque
718 1747 769 1812 vel
793 1756 926 1835 propter
947 1747 1043 1812 metri
1058 1743 1249 1832 opportuni·

131 1856 235 1914 tatem
259 1869 293 1912 se
315 1845 605 1912 commendaverit:

175 1946 265 2035 Sept.
288 1952 364 2014 654:
387 1933 415 2007 oi
434 1936 666 2026 πανδάκρυτον
688 1935 709 2006 ἀ
717 1941 795 2025 μὸν
821 1936 963 2008 Οἰδίπου
986 1938 1086 2025 γένος.

177 2045 254 2132 Sup.
278 2050 353 2112 322:
375 2035 566 2127 Αἴγυπτος·
588 2035 687 2119 εἰδὼς
708 2034 741 2104 d'
766 2035 875 2124 ἀμὸν
895 2038 1031 2122 ἀρχαῖον
1051 2037 1193 2126 γένος...

174 2143 226 2210 ΕΙ.
249 2149 325 2210 279:
349 2138 477 2226 πατέρα
498 2139 557 2208 τὸν
578 2134 684 2222 ἀμόν
703 2135 740 2205 da
763 2136 868 2206 δόλου
887 2137 1151 2220 mutaremur)

175 2242 225 2308 El.
248 2247 325 2310 588:
347 2237 477 2325 πατέρα
498 2237 555 2306 τὸν
573 2233 679 2322 ἀμόν
700 2235 853 2325 πρόσθεν
874 2235 1164 2322 ἐξαπώλεσαςλθθ)

175 2339 225 2407 ΕΙ.
250 2346 342 2408 1496ι
365 2336 495 2423 πατέρα
515 2337 573 2406 τόν
594 2336 712 2421 duda,
737 2333 782 2417 ὡς
804 2332 845 2403 iia
866 2335 901 2404 λν
921 2331 1030 2425 ταύτῷ
1050 2334 1167 2425 θάνῃς.

175 2439 259 2504 Phil.
285 2445 380 2508 1314:
402 2435 510 2527 ἥσθην
531 2435 661 2522 πατέρα
682 2437 740 2504 τὸν
762 2433 868 2522 ἀμόν
889 2431 1087 2522 εὖλοχοῦντά
1106 2441 1213 2516 uasti)

215 2537 253 2603 In
265 2537 316 2604 his
326 2540 425 2625 igitur
436 2539 595 2628 exemplis
606 2541 759 2626 quoniam
771 2533 857 2622 άμός
866 2542 901 2606 in
912 2539 978 2606 arsi
989 2540 1035 2604 ita
1045 2539 1186 2624 positum
1199 2547 1248 2602 est

130 2647 168 2702 ut
185 2630 265 2716 ἐμός
279 2640 407 2704 omnino
421 2641 454 2704 in
471 2662 542 2704 eum
558 2637 665 2705 looum
682 2639 833 2706 substitui
847 2649 996 2728 nequeat,
1012 2646 1110 2720 reete,
1122 2638 1247 2724 opinor,

131 2735 324 2801 Dindorfius
351 2735 445 2803 Eum.
468 2759 497 2804 v.
520 2745 590 2806 440.
632 2724 710 2825 ἧσαι
733 2734 913 2826 φυλάσσων
943 2730 1051 2812 ἑστίας
1076 2728 1248 2821 άμιῆςῑῦῧ)

131 2827 254 2909 πέλας,
288 2833 344 2899 ubi
373 2835 462 2900 nulla
490 2837 524 2900 in
556 2835 662 2901 forma
695 2828 777 2925 daia
809 2839 902 2905 adest
928 2859 1134 2902 numerorum
1163 2857 1247 2901 oom-

131 2933 288 3012 modites,
321 2933 364 2999 ad
385 2933 473 2999 illam
496 2957 645 3000 normam
665 2935 751 3002 huno
771 2939 804 3002 in
826 2935 958 3006 modum
979 2935 1136 3002 restituit=
1168 2921 1246 3020 ἦσαν

131 3025 315 3120 φυλάσσων
335 3025 446 3107 ἑστίας
461 3028 560 3119 ἐμῆς
580 3029 695 3110 πέλας.

174 3125 336 3211 nomm)
358 3133 392 3196 in
414 3132 466 3198 his
486 3131 604 3219 legitur
626 3133 824 3198 cantieorum
847 3133 1011 3198 versibus:

174 3231 282 3296 Prom.
309 3236 381 3297 162:
402 3227 453 3306 τίς
473 3222 510 3294 οὔ
534 3229 720 3318 ξυνασχαλᾷ
740 3233 856 3308 κακοῖς
874 3232 880 3316 Ι
898 3233 1048 3308 τεοῖσις

175 3330 265 3418 Sept,
292 3335 363 3398 105:
384 3323 418 3393 τί
438 3325 551 3413 ῥέξεις,
573 3325 777 3410 παλαίχθων
792 3323 903 3418 Ἄρης,
926 3327 987 3394 τὰν
1006 3327 1105 3394 τεὰν
1127 3332 1205 3414 γᾶνς

132 3483 343 3496 -..----.---

185 3563 244 3628 155)
270 3559 856 3636 sioTrioliniusprorpo.-Ant.1141.
890 3562 1048 3618 noscamus
1068 3566 1133 3617 ante
1152 3575 1247 3615 meam
1332 3535 1334 3540 ’
1415 3610 1419 3620 .

131 3644 216 3709 πόλις
232 3643 353 3698 restituit
371 3641 442 3716 ἅμα
462 3643 533 3700 Phil.
552 3647 609 3700 863.
628 3643 788 3701 Dindorfius
806 3665 856 3720 pro
875 3647 931 3721 ἐμᾷ
944 3647 1052 3718 scripsit
1070 3646 1137 3720 ἀμᾷ.
1186 3668 1189 3672 ·

184 3731 244 3795 156)
263 3750 281 3782 α
299 3728 328 3782 in
345 3727 437 3798 litura,
454 3727 529 3782 haud
546 3727 630 3782 dubie
647 3746 698 3800 pro
717 3749 737 3784 ε.
755 3731 862 3802 (Diod.)

162 3815 242 3895 ⁶157)
262 3811 307 3866 Sio
325 3809 409 3865 Triul.
427 3828 477 3882 pro
497 3810 573 3884 ἐμόν.
591 3842 625 3852 -
647 3815 704 3881 158)
722 3813 757 3868 In
774 3815 811 3871 M.
831 3820 873 3869 est
890 3814 971 3889 ἁμῆς.

186 3898 243 3963 lua)
262 3893 346 3965 Apud
361 3895 632 3966 Aristophanem
651 3895 768 3968 legimus
786 3905 862 3960 τεαῖς
880 3903 909 3953 et
927 3903 974 3969 τεᾷ
992 3898 1022 3952 in
1039 3895 1247 3968 precationibus

131 3977 225 4049 lyricis
241 3980 294 4032 Av.
313 3982 378 4033 9002
398 3972 419 4032 ui
439 3981 566 4046 ΜοῦσαΙ,
595 3985 688 4040 τεαῖς
712 3981 743 4035 ἒν
766 3979 864 4055 ὕμνων
886 3981 1006 4045 ιλοτδαΐς.
1033 3981 1071 4038 ib.
1095 3984 1160 4036 929:
1189 3986 1246 4051 τεᾷ

132 4065 242 4133 κεφαλᾷ
273 4063 363 4124 θέλεις
389 4065 437 4116 ott.
472 4060 650 4116 Pindarus
679 4063 811 4120 eiusmodi
828 4065 931 4121 formas
947 4063 1105 4136 saepissime
1121 4067 1246 4136 usurpat,

134 4144 207 4220 αμα
224 4145 255 4202 Ρ.
276 4143 325 4215 111,
342 4148 383 4201 ιι.
402 4143 451 4215 rv,
471 4147 510 4201 ιτ.
529 4143 551 4201 1.
568 4143 603 4215 v,
622 4150 664 4205 ιο.
