3008 4968
784 435 912 526 208

384 610 507 676 Verum
522 610 787 698 iambographos,
805 613 959 698 quoniam
977 633 1031 676 οιο
1053 595 1239 678 terminatio
1255 635 1319 678 non
1337 611 1425 676 solum

217 751 221 758 -
327 731 347 774 a
368 712 490 774 recenti
511 709 590 774 lade
611 733 748 796 prorsus
772 711 879 776 aliena
902 719 990 794 erat,
1020 711 1077 776 sed
1108 713 1205 776 etiam
1226 713 1300 797 ipsa
1320 711 1425 776 Home-

324 808 470 873 ridarum
500 817 605 874 aetate
633 820 701 874 tam
735 810 891 886 obsoleta,
925 820 961 874 ut
987 833 1051 876 non
1083 823 1295 895 usurparetur
1323 811 1427 892 nisilin
1495 849 1497 896 j

327 907 473 972 formulis
504 918 536 973 et
567 910 663 974 certis
695 933 810 974 versus
842 909 998 995 pedibus,
1036 919 1263 994 exspectamus
1303 909 1370 974 sola
1396 929 1426 969 οο

324 1007 430 1072 forma
453 1031 529 1073 usos
552 1030 640 1090 esse,
664 1009 760 1072 etiam
782 1011 816 1073 in
837 1010 1044 1074 tetrametris.
1086 1008 1195 1074 Nihilo
1218 1009 1318 1072 setius
1339 1007 1426 1072 Arch.
1493 1074 1494 1102 ,

324 1116 395 1172 tetr.
419 1113 468 1196 77,
494 1116 506 1174 l
530 1107 628 1193 vulgo
650 1107 776 1194 legunt:
796 1102 853 1182 Ὡς
873 1101 1063 1171 Διωνύσοιο
1083 1099 1243 1182 ἄνακτος,
1266 1107 1324 1172 ubi
1343 1107 1427 1170 Athe·

324 1208 399 1270 naei
419 1206 506 1272 PVL
536 1206 691 1272 exhibent
713 1202 904 1272 Διονύσοιο.
948 1207 1014 1272 Sed
1043 1217 1152 1272 tamen
1173 1229 1233 1292 pro
1253 1206 1317 1270 hac
1337 1207 1428 1271 forma

325 1304 470 1370 dubitari
491 1305 548 1369 vix
571 1315 693 1392 potest,
723 1309 800 1393 quin
828 1331 901 1372 oum
921 1307 1111 1372 Hermanno
1137 1306 1375 1370 restituendum
1394 1306 1428 1369 sit
1492 1307 1497 1346 ³

325 1400 509 1468 Διωνύσου.
551 1405 664 1490 Neque
685 1428 763 1470 vero
795 1406 936 1472 debebat
957 1405 1119 1490 Bergkius
1141 1403 1285 1470 scribere
1307 1427 1326 1470 ο
1348 1405 1428 1470 eliso:

325 1495 504 1566 Διωνύσοι’
529 1525 602 1568 cum
623 1503 689 1568 tale
709 1505 787 1591 quid
810 1507 908 1570 etiam
933 1505 975 1570 ab
998 1527 1059 1570 usu
1078 1503 1215 1568 Homeri
1236 1527 1370 1591 prorsus
1390 1526 1429 1568 re·
1486 1528 1497 1563 t

326 1601 428 1667 cedat.
469 1601 613 1688 Egregie
629 1603 837 1670 Hermannus
853 1607 878 1683 θ)
899 1603 1153 1686 „vehementer“,
1175 1605 1291 1691 inquit,
1311 1625 1429 1686 „secum

324 1702 389 1786 ipsi
411 1712 611 1788 pugnassent
632 1701 753 1768 Graeci
781 1712 912 1790 potitae,
944 1704 971 1768 si
992 1703 1115 1768 formas
1136 1703 1369 1770 vocabulorum
1393 1702 1427 1767 ob
1496 1760 1497 1764 ,

324 1799 358 1864 id
379 1801 486 1888 ipsum
506 1803 675 1866 inventas“
699 1801 763 1878 (vel
779 1803 889 1889 potius
905 1809 1063 1880 servatas)
1085 1810 1141 1884 „ut
1160 1800 1269 1868 locum
1291 1801 1430 1869 deiicien-
1496 1855 1497 1861 ,

324 1901 365 1964 tis
386 1901 420 1964 in
450 1923 547 1964 versu
579 1900 726 1988 syllabae
760 1901 949 1988 explerent,
974 1923 1088 1966 rursus
1121 1900 1309 1984 decurtare,
1341 1923 1427 1988 quam
1496 1929 1497 1963 t

258 2017 267 2026 ‘
325 1999 547 2091 oommpnibus
570 1999 682 2064 formis
704 2001 751 2066 uti
771 2001 992 2067 malmsscnt.“
1035 2000 1230 2087 Corruptela
1247 2001 1360 2086 procul
1380 2000 1429 2064 du·

325 2099 377 2163 bio
397 2098 474 2163 inde
495 2109 573 2163 nata
595 2108 653 2180 est,
676 2099 764 2186 quod
785 2099 939 2167 librarius
960 2099 1012 2164 vel
1026 2098 1213 2164 Athenaeus
1234 2101 1307 2186 ipse
1327 2099 1428 2166 verbis

325 2197 432 2285 paullo
455 2208 530 2264 ante
551 2201 639 2284 (pag.
654 2204 723 2265 627.
741 2199 780 2277 O)
798 2221 840 2264 ex
853 2198 1041 2266 Archilochi
1062 2199 1175 2286 elegiis
1199 2199 1306 2264 citatis
1322 2190 1428 2278 (Ervu-

325 2291 415 2362 λίοιο
438 2289 590 2375 ἄνακτος)
623 2297 881 2384 perducebatur,
910 2309 946 2364 ut
968 2320 1022 2364 οιο
1054 2299 1192 2368 formam
1218 2307 1336 2385 poetae
1363 2319 1427 2384 pro-

323 2399 429 2484 priam
451 2419 522 2461 esse
543 2405 681 2484 putaret.

387 2503 417 2574 3)
436 2495 617 2580 Longiores
647 2505 679 2560 et
699 2495 867 2578 breviores
895 2497 997 2562 dativi
1019 2496 1155 2584 pluralis
1176 2497 1299 2562 formas
1321 2504 1428 2584 poetae
1496 2535 1497 2540 κ

324 2595 460 2681 elegiaci
480 2596 646 2680 epicorum
667 2617 757 2660 more
778 2595 826 2660 illi
846 2596 974 2684 quidem
990 2597 1175 2682 promiscue
1193 2604 1362 2683 usurpant,
1378 2592 1428 2658 sed
1496 2635 1497 2642 ι

323 2707 431 2759 tamen
454 2692 563 2780 paullo
583 2694 713 2780 saepius
735 2717 832 2780 quam
847 2695 1045 2762 Homeridae
1059 2694 1229 2760 breviores
1248 2702 1426 2782 posuerunt,
1496 2721 1497 2732 ι

323 2803 358 2858 ut
378 2795 441 2858 fert
461 2795 557 2858 metri
576 2794 693 2858 mutati
712 2803 839 2860 natura.

317 2930 320 2941 ι
385 2893 497 2958 Aede
522 2893 635 2958 formis
663 2894 698 2956 in
721 2913 789 2968 οις,
825 2912 894 2956 οισι
925 2915 990 2958 non
1014 2893 1135 2976 habeo,
1166 2891 1253 2979 quod
1286 2891 1423 2979 pluribus
1492 2927 1493 2934 ο

323 2993 491 3060 disseram.
532 2992 668 3059 Maioris
695 2994 849 3058 momenti
876 3001 925 3056 cst
965 2992 1107 3060 dativus.
1124 2991 1259 3082 pluralis
1288 2992 1426 3076 stirpium
1496 3017 1497 3032 2

321 3093 356 3157 in
379 3113 400 3155 α
420 3093 567 3159 vocalem
589 3093 795 3160 cadentium.v
828 3089 892 3171 Qui
914 3090 1001 3177 apud
1016 3091 1197 3156 Homerum
1219 3113 1335 3178 sonare
1347 3087 1426 3154 solet
1496 3125 1497 3150 t

321 3210 387 3279 ῃσι,
404 3214 452 3278 po,
470 3201 665 3268 distantum
679 3193 714 3256 in
729 3183 821 3277 ἀκοή,
838 3187 914 3274 θεά,
930 3192 1023 3254 πᾶσα
1036 3189 1174 3256 vocibus
1190 3193 1220 3264 (3
1235 3189 1326 3272 loeis,
1341 3208 1423 3276 prae
1496 3217 1497 3254 ι

321 3301 411 3356 terea
428 3291 562 3357 Bckker
584 3294 683 3358 etiam
701 3295 731 3353 Γ
748 3298 806 3360 158
828 3291 928 3366 θεαῖς
949 3291 1116 3376 reposuit),
1139 3287 1234 3354 modo
1256 3297 1344 3354 recte
1364 3306 1424 3352 seso
1496 3319 1497 3352 1

322 3389 464 3456 habeant
481 3393 515 3465 Ἰ).
558 3389 661 3456 Multo
683 3392 812 3477 saepius
834 3411 1029 3476 veroquam
1049 3389 1211 3454 Homerus
1233 3386 1380 3474 elegiaci,
1397 3383 1423 3466 si

321 3488 414 3556 libris
435 3490 531 3555 fidem
552 3489 685 3573 habeas,
707 3511 761 3565 αις
781 3490 1041 3554 terminationem
1061 3497 1232 3576 usurpant,
1247 3495 1315 3552 tam
1337 3503 1422 3570 saepe
1496 3515 1497 3520 ¹

321 3587 396 3653 fere·
416 3611 513 3674 quam
538 3609 602 3675 ῃσι.
645 3590 800 3654 Attamen
829 3587 989 3674 elegiacos
1020 3608 1130 3652 omnes
1159 3594 1286 3652 tantum
1314 3587 1421 3653 formas

387 3856 413 3924 6)
432 3851 543 3926 Orphic.
563 3857 611 3908 722
629 3870 670 3923 sq.
689 3849 730 3908 cf.
750 3851 832 3906 etiam
850 3849 1040 3906 Herodianum
1056 3849 1093 3904 ad
1109 3855 1141 3906 A
1158 3853 1189 3904 35
1208 3853 1262 3906 etc.

388 3939 413 4006 ⁷)
430 3937 484 3992 vix
503 3937 672 3994 crediderim.
691 3935 806 3990 Frustra
829 3934 902 3989 enim
928 3935 1052 4005 quaeris,
1077 3951 1126 3988 cnr
1143 3940 1228 4007 θεῇσι
1249 3933 1350 4006 ubique
1367 3927 1419 3983 scri·

318 4025 397 4092 ptum
415 4021 459 4090 sit,
476 4037 525 4076 eur
545 4021 667 4096 πάσῃσι,
690 4037 739 4075 cur
756 4021 786 4074 in
804 4019 857 4074 hoc
874 4019 1009 4074 vocabulo
1026 4018 1119 4074 multis
1137 4017 1203 4072 locis
1221 4017 1330 4072 Ionicus
1346 4027 1416 4086 genc-

319 4105 399 4161 tivus.
1130 4126 1133 4131 ·
