3070 4962
881 413 940 478 162

353 587 719 678 μεσσηγυδορποχέστης
737 593 816 660 ferri
843 617 909 658 uon
929 603 1053 680 potest,
1075 616 1148 659 oum
1168 616 1234 660 non
1253 617 1296 660 ex
1319 603 1455 661 tetrame-

354 691 424 766 tris,
444 691 468 769 5)
499 690 557 756 sed
592 693 774 758 necessario
808 716 850 758 ex
881 693 998 758 iambis
1020 693 1157 780 petitum
1189 695 1232 759 sit
1253 718 1274 760 a
1294 693 1455 760 scholiasta

357 789 408 866 (cf.
429 786 798 876 μεσηγυδορποχέσταΗ).
1094 863 1098 873 ,

416 889 450 968 b)
472 891 609 956 Praeter
631 910 650 953 σ
671 890 753 956 haec
773 913 879 979 pauca
899 901 1023 956 tantum
1042 890 1125 956 alius
1143 913 1305 957 consonae
1326 891 1455 979 duplica·

353 999 406 1054 tae
429 989 580 1077 exempla
602 991 822 1075 reperiuntur:
1086 1051 1091 1067 ,

415 1083 501 1152 ὅττι
525 1088 669 1179 Theogn.
702 1095 748 1155 17.
770 1095 831 1159 818
860 1093 987 1176 (pron).
1020 1097 1099 1158 1200
1121 1091 1230 1168 (coni.)
1257 1100 1290 1155 et
1311 1083 1455 1155 ὁππότε
1514 1125 1516 1180 5

352 1195 421 1256 531.
446 1187 527 1256 Gall.
552 1197 583 1272 1,
612 1193 646 1272 8,
676 1211 759 1277 quae
780 1212 822 1254 ex
849 1183 950 1269 t-rji,
975 1183 1063 1270 3-th
1083 1199 1115 1254 et
1137 1181 1296 1272 d-nf‘dte,
1326 1183 1451 1254 d-xldts
1515 1209 1516 1260 t

352 1297 430 1352 nata
453 1298 536 1371 sunt,
558 1287 639 1352 haec
661 1311 703 1352 ex
724 1288 881 1376 stirpibus
904 1292 934 1350 ti
954 1298 985 1354 et
1005 1294 1053 1355 ta.
1075 1289 1100 1368 6)
1143 1288 1192 1356 Of.
1214 1294 1243 1370 ξ.
1265 1295 1294 1358 3.
1515 1359 1516 1364 ,

416 1397 709 1489 φερεμμελίης,
748 1403 833 1492 quod
868 1404 1040 1469 formatum
1070 1413 1119 1469 est
1150 1405 1194 1470 ad
1226 1403 1452 1472 similitudinem

303 1515 305 1518 ’
352 1502 520 1568 Homerici
541 1497 647 1583 e’lilttto
671 1503 782 1568 Mimn.
809 1509 855 1585 14,
878 1511 906 1570 4.

414 1611 591 1699 ἔμμορεν
612 1618 759 1703 Τὴθοςη.
782 1623 842 1686 234
864 1627 896 1682 et
917 1609 1106 1699 ἄμμορος
1125 1618 1227 1706 Hipp.
1250 1624 1280 1702 2,
1304 1627 1329 1684 t.

415 1727 606 1808 ἕν-νέπω,
637 1733 693 1798 ubi
721 1736 886 1820 antiquum
909 1752 929 1794 σ
950 1733 1071 1797 radicis
1099 1753 1175 1809 σεπ,
1201 1755 1284 1821 quae
1306 1732 1453 1818 conspici·
1514 1753 1516 1772 ²

350 1832 450 1896 turin
462 1831 557 1898 Hom.
573 1825 736 1908 ἔ-σπ-ετε,
751 1827 929 1906 stione-g,
946 1832 1136 1896 Latinorum
1158 1834 1293 1896 insse-e
1311 1835 1343 1915 7),
1369 1854 1451 1918 proe-

352 1932 522 2016 positionis
546 1954 563 1990 ν
584 1953 745 1996 consonae
774 1955 808 1997 se
839 1931 1049 1996 assimilavit:
1078 1931 1178 2018 Hipp.
1208 1931 1281 1997 hex.
1304 1938 1358 2013 85,
1388 1937 1451 1996 3et

350 2029 415 2094 Sol.
437 2029 508 2094 mel.
530 2037 580 2114 42,
603 2039 631 2099 3.

657 2313 750 2393 ¹DE
777 2313 1143 2395 VOOALIBUS.

865 2531 895 2611 ξ.
917 2537 946 2598 6.

608 2693 666 2758 De
696 2715 717 2778 η
744 2696 877 2761 vocali
907 2697 1041 2783 posita
1069 2718 1142 2783 pro
1169 2715 1200 2760 α.

414 2863 443 2932 1)
465 2856 530 2922 Pro
559 2859 739 2946 antiquiore
760 2883 782 2923 α
802 2861 916 2948 longo,
946 2862 1033 2950 quod
1053 2859 1170 2926 Aeoles
1192 2870 1224 2926 et
1244 2859 1351 2925 Dores
1377 2877 1446 2921 con·

350 2964 473 3020 stanter
495 2968 674 3044 servarunt,
695 2960 934 3049 iambographi
955 2971 991 3028 ut
1008 2960 1050 3026 ab
1070 2960 1121 3024 his
1142 2961 1270 3024 initium
1290 2960 1444 3036 faciamus,
1512 3023 1513 3026 ,

347 3078 449 3149 aeque
476 3066 573 3146 atque
593 3058 757 3124 Homerus
779 3070 811 3125 et
832 3063 931 3125 ceteri
958 3061 1153 3126 recentiores
1172 3061 1267 3125 Iones
1288 3061 1323 3124 in
1350 3057 1443 3142 stirpi·

347 3155 408 3222 bus
429 3165 460 3221 et
480 3158 772 3243 terminationibus,
788 3161 1016 3226 convenienter
1032 3160 1162 3224 dialecti
1183 3158 1338 3242 mollitiei,
1358 3179 1377 3242 η
1397 3175 1443 3218 vo-

347 3255 449 3320 calem
470 3279 630 3344 usurpare
650 3259 760 3324 solent.
803 3259 915 3326 Pauca
934 3257 1001 3342 illa,
1020 3259 1162 3324 maxime
1185 3266 1211 3325 1.
1234 3253 1443 3323 declinationis

347 3523 377 3559 τε
396 3507 486 3560 πολλὰ
503 3508 551 3559 καὶ
568 3505 606 3565 ὥς
623 3502 678 3578 ἄρα
694 3507 802 3576 Δελφὶς
819 3505 948 3576 ἐρᾶται.
981 3504 1098 3561 Lucian.
1116 3505 1152 3560 de
1168 3505 1250 3577 Syria
1261 3504 1325 3560 Dea
1344 3507 1385 3559 17:
1401 3503 1441 3566 τῆς
1510 3541 1511 3562 s

346 3588 361 3640 ὁ
383 3587 522 3658 πρόγονος
538 3587 668 3660 ἠρήσατο.
687 3621 720 3630 -
1510 3567 1511 3643 l

412 3675 438 3740 5)
456 3671 529 3728 Nam
547 3671 587 3727 ibi
603 3689 653 3744 per
669 3677 815 3744 utrumque
832 3674 1031 3728 hemistichium
1051 3674 1265 3744 dispertiendum
1282 3677 1349 3742 erat,
1365 3669 1439 3724 itaut

346 3771 461 3810 caesura
477 3755 638 3827 principalis
655 3773 767 3827 prorsus
779 3758 909 3829 neglecta
921 3755 1025 3826 brissei,
1044 3758 1083 3810 sic
1100 3757 1158 3811 fere
1178 3753 1440 3831 .υΙ-μεσ)σηγυ)δορ-
1509 3823 1510 3826 ¹

345 3841 629 3911 nubtura-olffllzll
652 3841 680 3894 id
698 3841 773 3911 quod
791 3841 865 3895 credi
883 3841 1029 3896 nonlicet.
1061 3841 1123 3897 Vid.
1136 3841 1279 3897 Rossbach
1296 3841 1352 3895 und
1362 3837 1440 3894 West·
1509 3837 1510 3881 l

344 3924 419 3994 phal,
436 3926 538 3996 grieoh.
556 3923 657 3978 Metrik
676 3923 725 3978 ΙΠ.
746 3943 774 3994 p.
795 3929 852 3981 149.

411 4009 437 4077 o)
456 4007 578 4063 sumn.
597 4011 656 4062 uo.
671 3997 736 4078 '4303
755 4013 813 4064 426.
832 4015 856 4064 r.

411 4095 437 4160 7)
456 4091 654 4148 (inundatio.
