3056 4968
862 457 920 520 108

789 539 997 550 ---.-ι--»

398 629 449 696 Ac
477 634 583 718 primo
611 633 740 720 quidem
765 657 821 700 eas
849 634 976 700 radices
1006 637 1163 722 aspiratio
1197 637 1332 718 invasit,
1362 657 1436 722 quas

338 739 404 794 tam
427 743 611 798 constanter
632 735 796 822 aspiratae
818 733 975 815 videmus,
1000 745 1036 802 ut
1054 735 1118 799 nisi
1139 757 1181 800 ex
1203 737 1437 822 comparatione

338 830 475 895 aliarum
507 830 693 917 linguarum
726 833 874 898 concludi
903 855 967 898 non
996 834 1099 920 possit
1134 836 1168 897 in
1200 835 1252 900 his
1280 834 1438 900 radicibus

338 939 449 993 tenues
470 933 505 994 in
526 933 688 1016 aspiratas
710 934 876 998 transisse.
912 931 985 1012 Quo
1000 934 1036 997 in
1055 955 1174 1018 genere
1196 947 1366 999 versantur
1384 933 1440 998 hae

337 1028 482 1094 radices:
506 1051 552 1112 φυ
571 1025 702 1116 (φυσάω
725 1034 764 1097 cf.
787 1032 894 1098 Curtii
916 1031 955 1096 el.
977 1055 1010 1118 p.
1028 1036 1100 1107 447)
1124 1024 1174 1118 ἀφ
1193 1024 1330 1117 (ἄφενος
1350 1033 1385 1096 cl.
1399 1031 1440 1095 ib.

338 1151 369 1214 p.
380 1134 462 1210 447),
484 1149 566 1214 στεφ
587 1125 710 1213 (στέψω
733 1131 772 1196 cf.
794 1131 837 1196 ib.
860 1155 891 1218 p.
906 1135 975 1208 194)
991 1152 1052 1208 rex
1073 1126 1183 1209 (ταχύς
1203 1133 1242 1198 cf.
1264 1131 1311 1198 ib.
1325 1155 1357 1218 p.
1367 1136 1440 1212 445),

337 1248 405 1307 μαχ
432 1222 591 1309 (μάχομαι
621 1231 661 1294 cf.
687 1229 731 1295 ib.
760 1253 792 1316 p.
814 1237 901 1310 293),
934 1229 1009 1308 σχιδ
1036 1225 1144 1309 (σχίζω
1174 1231 1213 1296 cf.
1240 1232 1285 1297 ib.
1317 1255 1347 1317 p.
1369 1235 1441 1304 222),

338 1325 432 1411 crpnd
453 1322 628 1414 (σφαδάζω
651 1329 690 1392 cf.
712 1328 755 1394 ib.
777 1335 859 1409 222).

402 1425 560 1490 Secuntur
581 1449 666 1492 nunc
687 1450 744 1492 eae
766 1429 913 1512 radices,
935 1430 1108 1517 quaesere
1130 1451 1259 1515 semper
1281 1430 1442 1516 aspiratio·

337 1548 413 1590 nem
433 1524 563 1602 habent,
583 1548 779 1614 quamquam
799 1550 906 1614 pauca
927 1530 1066 1614 vestigia
1082 1530 1296 1616 pristinarum
1308 1529 1444 1592 tenuium

338 1627 373 1689 in
399 1627 473 1713 ipsa
504 1625 616 1709 lingua
645 1625 775 1690 Graeca
809 1637 998 1713 supersunt,
1034 1627 1122 1692 unde
1154 1626 1350 1692 concludere
1374 1626 1446 1690 licet

338 1735 450 1790 tenues
472 1725 519 1790 ibi
540 1748 605 1789 non
627 1735 694 1788 tam
715 1735 842 1790 mature
865 1728 1036 1792 evanuisse
1059 1749 1157 1814 quam
1173 1725 1208 1790 in
1220 1728 1261 1790 iis
1273 1725 1445 1806 radicibus,

339 1847 422 1913 quas
450 1823 547 1889 modo
578 1823 680 1889 attuli.
723 1825 798 1889 Hoc
821 1827 855 1889 in
885 1849 1019 1891 numero
1047 1836 1123 1890 sunt
1148 1825 1247 1890 radix
1273 1849 1333 1890 ava
1355 1823 1447 1904 (unde

337 1924 469 2002 τυχεῖν),
502 1947 584 2009 quae
607 1931 739 1990 'servata
760 1927 864 1990 estin
884 1919 1057 1988 rcadaorro
1084 1924 1173 2012 apud
1194 1925 1389 2006 Homerum,
1418 1933 1447 1986 et

339 2021 404 2086 aad
424 2023 523 2102 (unde
542 2017 660 2102 χάῖω),
697 2046 794 2109 quam
823 2024 910 2090 idem
930 2025 1094 2090 Homerus
1124 2025 1269 2089 servavit
1297 2026 1331 2088 in
1353 2015 1446 2085 κεκά-

341 2121 438 2186 dovre
460 2134 492 2188 et
513 2117 669 2210 ἐκεκήδει.
755 2149 758 2156 ’

400 2223 514 2288 Tertia
534 2234 624 2288 aetas
645 2231 694 2288 est
714 2245 825 2288 eorum
846 2221 1093 2306 vocabulorum,
1123 2246 1222 2312 quae,
1257 2244 1446 2309 quamquam

340 2346 382 2387 ex
416 2323 582 2387 radicibus
617 2323 734 2387 litteris
770 2322 921 2390 tenuibus
961 2325 1091 2409 scriptis
1126 2334 1205 2388 nata
1237 2343 1308 2386 esse
1344 2320 1447 2386 multis

341 2425 490 2508 cognatis
511 2423 647 2487 vocibus
670 2434 819 2510 apparet,
842 2432 951 2486 tamen
972 2432 1041 2486 tam
1061 2431 1188 2486 mature
1209 2424 1356 2507 aspirata
1371 2429 1446 2499 sunt,

340 2531 376 2584 ut
396 2522 523 2586 formae
543 2521 693 2586 tenuibus
723 2523 866 2608 scriptae
888 2544 1024 2608 prorsus
1047 2523 1252 2586 evanuerint:
1282 2512 1447 2602 diriores

339 2620 451 2684 radice
471 2618 532 2682 λιπ
554 2614 709 2702 (λιπαρός
731 2621 771 2686 cf.
788 2619 895 2688 Curtii
915 2619 952 2686 el.
968 2643 999 2710 p.
1014 2625 1097 2703 448),
1117 2616 1290 2706 βλέφαρον
1311 2617 1447 2684 aradice
1510 2669 1511 2737 ᾖ

339 2722 424 2801 dien
451 2714 579 2797 (βλέπω
602 2719 727 2797 cf.·ib.)·
744 2714 857 2806 σαφής
881 2709 1040 2784 eradico
1056 2739 1127 2783 σαπ
1158 2710 1259 2795 (ὀπός
1285 2719 1325 2784 cf.
1348 2717 1447 2782 Curtii

341 2821 378 2886 el.
400 2843 432 2906 p.
455 2825 527 2898 408)
551 2814 666 2906 κωφός
684 2843 704 2884 4
724 2819 836 2886 radice
857 2839 925 2880 κοπ
946 2813 1067 2896 (κόπος
1087 2820 1127 2885 cf.
1145 2818 1224 2886 ibid.
1248 2841 1279 2904 p.
1299 2821 1370 2896 449)
1391 2827 1445 2880 etc.

403 2919 548 3000 Quartae
570 2919 708 3003 denique
728 2913 829 2983 ¹aetati
854 2941 892 2981 ea
913 2917 1076 2983 vocabula
1099 2917 1345 2983 adnumeranda
1368 2925 1445 2995 sunt,

340 3042 423 3108 quae
444 3021 632 3106 promiscue
654 3018 749 3084 modo
772 3016 922 3084 tenuibus
943 3017 1040 3084 modo
1051 3020 1213 3106 aspiratis
1235 3017 1352 3082 litteris
1374 3016 1446 3080 scri·

341 3121 475 3200 buntur,
505 3141 601 3204 quam
625 3117 846 3182 confusionem
869 3139 906 3181 eo
928 3130 1075 3202 tempore
1102 3126 1251 3206 exortrum
1272 3138 1343 3180 esse
1364 3125 1446 3202 puto,

338 3243 404 3305 quo
428 3219 542 3304 lingua
568 3217 714 3302 vulgaris
744 3217 849 3301 magis
875 3217 1044 3300 magisque
1071 3216 1114 3280 ad
1142 3217 1376 3302 aspirationem
1402 3215 1444 3278 in·

340 3319 485 3400 clinaret,
507 3317 593 3404 quod
609 3316 739 3402 quidem
760 3314 836 3380 inde
858 3337 879 3378 a
900 3315 1064 3398 quint032)
1085 3314 1214 3380 saeculo
1236 3315 1358 3378 factum
1380 3333 1443 3376 esse

341 3419 570 3504 inscriptiones
585 3439 643 3480 nos
661 3414 848 3480 docuerunt.
881 3414 1032 3494 Qualium
1053 3413 1287 3478 vocabulorum
1300 3436 1372 3478 cum
1384 3414 1440 3476 iam

341 3517 471 3582 Curtius
494 3515 543 3592 (el.
568 3537 641 3601 pag.
665 3519 725 3582 440
748 3519 828 3602 sqq.)
856 3513 943 3578 haud
967 3536 1073 3600 pauca
1093 3513 1273 3598 collegerit,
1302 3514 1379 3578 satis
1399 3517 1440 3574 est

339 3638 378 3682 ea
400 3625 526 3681 tantum
548 3613 704 3700 proferre,
727 3636 810 3701 quae
830 3613 884 3678 ille
904 3615 1021 3680 omisit.
1036 3614 1076 3690 33)

392 3801 437 3862 32)
466 3797 528 3850 Hoc
546 3797 582 3849 ad
601 3813 635 3850 ea
651 3795 823 3866 potissimum
846 3797 959 3850 vascula
976 3795 1110 3868 pertinet,
1133 3793 1162 3846 in
1181 3793 1283 3864 quibus
1300 3793 1439 3846 litterarum
1506 3755 1507 3823 l

338 3881 443 3935 formae
470 3885 535 3934 ante
555 3879 699 3934 Euclidem
727 3881 887 3935 archontem
914 3883 1064 3950 usurpatae
1090 3881 1118 3931 et
1139 3877 1237 3948 nigrae
1260 3875 1365 3948 figurae
1385 3889 1437 3926 con-

337 3971 505 4115 spmlbllmdrd
523 4049 595 4103 hanc
613 4053 732 4101 aetatem
755 4047 838 4103 ctiam
855 4046 979 4118 perfecta
1001 4046 1050 4102 illa
1072 4045 1196 4116 aspirata
1215 4043 1359 4099 referenda
1374 4043 1435 4105 sunt,
1505 4009 1506 4095 l

339 4133 374 4188 de
391 4132 491 4204 quibus
510 4132 568 4205 egit
586 4131 696 4188 Gratius
714 4131 956 4205 „Erlttutcrungen
974 4149 1008 4186 au
1025 4130 1130 4186 meiner
1146 4127 1295 4204 Schulgrg‘
1311 4145 1374 4202 pag.
1388 4125 1434 4191 106,
