3070 4962
513 1202 730 1302 CAPUT
758 1207 821 1304 ΙΙ.

263 1486 311 1533 DE
333 1485 518 1535 ADVERBIIS
541 1487 706 1536 ABLATIVI
727 1488 846 1536 Ponam
865 1489 1057 1536 PRAEDITIS.

415 1639 439 1700 ᾖ.
460 1638 482 1690 1.
518 1637 570 1690 De
585 1635 742 1700 ablativi
758 1637 910 1705 suffixo.
966 1684 973 1697 ,

186 1817 309 1884 Casum
329 1817 436 1900 illum,
458 1821 510 1886 cui
538 1818 574 1886 O.
595 1819 717 1885 Julium
740 1821 914 1888 Caesarem
942 1843 1057 1886 nomen
1086 1817 1220 1886 ablativi
1311 1858 1321 1880 .

103 1917 298 2005 imposuisse
329 1940 371 1984 ex
401 1919 583 2004 fragmento
614 1919 754 2007 quodam
790 1918 950 1984 librorum
978 1920 1029 1984 De
1058 1917 1220 2003 Analogia

104 2016 144 2082 ab
172 2039 210 2084 co
243 2017 437 2103 scriptorum
474 2029 675 2106 compertum
703 2018 874 2100 habemus,
903 2041 969 2082 non
997 2017 1101 2082 solum
1130 2015 1218 2103 apud

103 2114 268 2182 Romanos
291 2115 470 2184 sedetiam
499 2119 533 2184 in
561 2119 634 2184 aliis
656 2117 776 2204 linguis
797 2117 1093 2203 Indogermanicis‚
1123 2125 1158 2178 ut
1185 2116 1218 2180 in

104 2214 273 2282 Sanscrita
293 2214 472 2284 Bactriana
489 2217 578 2284 Osca
597 2217 755 2285 Umbrica
775 2219 923 2286 vivacem
945 2237 1016 2282 esse
1037 2237 1134 2302 quum
1155 2215 1217 2278 viri

104 2313 190 2380 docti
212 2313 330 2382 studiis
349 2315 545 2403 linguisticis
573 2316 675 2384 dediti
702 2317 866 2399 viderent,
894 2315 1111 2403 quaerebant,
1141 2337 1218 2381 num

103 2416 184 2480 forte
205 2412 410 2482 Graecorum
432 2438 558 2510 quoque
581 2419 721 2482 sermoni
743 2426 875 2504 possent
889 2414 1067 2480 vindicare.
1109 2413 1217 2500 Atque

103 2515 231 2602 Boppio
251 2517 323 2582 viro
352 2515 566 2601 sagacissimo
595 2517 731 2602 contigit
762 2524 798 2582 ut
818 2537 891 2580 eum
912 2513 1079 2580 adverbiis
1107 2515 1140 2578 in
1155 2535 1218 2588 -ως

105 2622 135 2680 et
150 2636 194 2678 -ω
218 2612 411 2680 cadentibus
436 2639 456 2680 a
480 2617 648 2704 superiore
660 2625 807 2702 tempore
835 2614 922 2679 velut
942 2613 1124 2680 hereditate
1145 2611 1216 2676 reli-

105 2723 187 2780 etum
209 2715 429 2802 perspiceret3
450 2737 592 2803 moxque
614 2715 706 2780 multi
727 2714 785 2781 alii
799 2716 993 2780 exstiterunt
1008 2711 1125 2801 quibus
1145 2716 1237 2798 per?

106 2835 233 2880 suasum
262 2823 348 2880 esset
375 2821 540 2900 repertam
566 2838 637 2881 esse
671 2816 759 2882 viam
789 2837 855 2880 non
886 2811 1130 2900 relinquendam
1160 2810 1217 2876 sed

105 2913 313 3001 aperiendam
331 2922 366 2978 et
386 2913 603 2980 muniendam.
648 2913 743 2980 Unde
763 2914 884 2980 factum
907 2922 956 2978 est
976 2922 1012 2978 ut
1033 2910 1129 2978 hodie
1152 2912 1216 2976 sint

104 3015 156 3102 qui
183 3022 285 3100 caput
316 3021 509 3101 quassantes
529 3013 702 3096 mirentur,
732 3023 764 3080 et
792 3036 866 3080 cum
894 3012 936 3078 ab
966 3011 1004 3076 G.
1027 3011 1216 3077 Hermanno

104 3114 169 3180 viro
192 3115 344 3202 quamvis
357 3112 539 3178 clarissimo
555 3113 589 3178 in
604 3111 688 3178 libro
705 3113 745 3178 de
760 3111 963 3178 emendanda
976 3111 1102 3174 ratione
1114 3109 1215 3176 Grae·

105 3201 158 3280 cae
177 3213 414 3300 grammaticae
436 3234 467 3298 p.
491 3219 551 3280 137
575 3211 730 3278 traditum
756 3212 867 3298 legunt
887 3211 1098 3276 recentiorem
1127 3209 1214 3274 Lati·

103 3335 215 3379 norum
247 3333 429 3378 sermonem
461 3320 591 3378 sextum
618 3333 730 3378 casum
760 3310 919 3398 adjecisse
941 3308 1135 3390 ablativum,
1163 3307 1215 3374 vel

103 3433 131 3497 p.
155 3419 209 3480 141
236 3433 283 3499 sq.
303 3412 428 3476 ratione
456 3410 564 3496 logica
587 3410 857 3493 demonstratum,
890 3411 945 3496 qui
975 3410 1098 3476 factum
1119 3409 1161 3472 sit
1180 3418 1216 3472 ut

103 3510 263 3579 ablativus
284 3531 380 3576 casus
402 3519 434 3576 et
455 3509 585 3576 dativus
612 3511 647 3574 in
670 3508 799 3578 Graeca
829 3509 941 3596 lingua
967 3518 999 3576 et
1019 3519 1129 3577 vetere
1150 3507 1213 3572 La-

103 3609 313 3678 tinanullum
333 3610 458 3674 formae
480 3609 654 3676 discrimen
672 3608 832 3692 habeant,
854 3617 886 3674 et
908 3632 981 3674 eum
1003 3615 1212 3695 praeceptum

102 3707 179 3776 illud
193 3707 471 3795 simplicissimum
492 3708 624 3797 quidem
637 3708 695 3776 sed
709 3711 828 3776 mirum
845 3718 999 3796 quantum
1015 3728 1214 3793 perversum,

103 3809 185 3892 quod
207 3809 350 3896 plurima
372 3807 531 3874 adverbia
554 3807 595 3874 ab
618 3808 789 3896 adjectivis
817 3810 865 3874 ita
892 3807 1027 3872 formari
1058 3805 1149 3892 jubet
1179 3816 1214 3870 ut

103 3915 156 3972 aut
176 3917 345 3994 postrema
355 3908 497 3993 genetivi
518 3907 655 3996 pluralis
677 3929 857 3974 consonans
881 3927 897 3968 v
918 3907 952 3970 in
974 3927 999 3986 ς,
1024 3915 1079 3970 aut
1099 3907 1211 3971 termi-

104 4008 188 4078 natio
201 4027 260 4082 -ος
281 4005 376 4080 modo
397 4008 592 4079 nominativi
605 4007 702 4076 modo
714 4008 857 4094 genetivi
870 4007 1004 4092 propria
1021 4007 1054 4070 in
1068 4028 1132 4082 -ως
1146 4029 1211 4070 mu-
