3070 4962
553 535 583 540 ..
616 447 757 540 tt„-

106 626 288 744 Euripides:
325 623 548 728 ἐνδικωτέρως
569 620 820 713 ·εὒλαβεοτέρως
840 619 1115 714 σωφρονεστέρως
1145 641 1214 708 μοι·

155 746 219 790 οτω

105 723 351 914 Adstoplhanes:
373 819 552 910 εὐρυτέρως
573 819 765 908 ἀμεινόνως,

106 925 331 992 Callimachus:
353 920 574 1014 κουφοτέρως.

180 1058 274 1124 Haec
295 1060 335 1125 de
358 1059 515 1146 singulari
535 1062 597 1125 isto
619 1059 850 1126 adverbiorum
862 1061 1096 1148 comparativo.
1139 1059 1217 1124 Pro-

108 1158 196 1244 gredi
216 1158 260 1223 ad
281 1159 514 1246 superlativum
537 1160 620 1226 licet.

629 1326 685 1392 ΠΙ.

186 1489 395 1578 Superlativa
415 1514 543 1580 quoque
565 1491 723 1558 adverbia
745 1494 779 1557 in
803 1515 867 1568 -ως
881 1491 1062 1557 desinentia
1078 1491 1215 1578 reperiri

111 1591 168 1676 jam
198 1600 230 1656 et
259 1589 315 1656 alii
343 1601 539 1656 monuerunt
572 1600 604 1656 et
630 1615 690 1678 ego
720 1616 822 1680 supra
849 1592 1002 1658 indicavi.
1047 1589 1112 1656 Sed
1134 1589 1221 1676 quod

111 1691 347 1778 comparativis,
370 1690 457 1755 idem
479 1691 529 1755 his
553 1691 683 1757 accidit.
727 1691 835 1772 Quum
858 1693 943 1756 enim
972 1691 1060 1780 apud
1083 1693 1220 1757 seriores

111 1792 282 1878 scriptores
305 1811 427 1878 pauca,
457 1789 546 1877 apud
566 1789 693 1857 Atticos
721 1801 828 1856 autem
858 1815 958 1856 unum
979 1801 1104 1858 tantum
1126 1791 1220 1878 hujus

110 1891 233 1975 generis
263 1885 517 1970 ξυντομωτάτως
539 1888 638 1976 Soph.
662 1889 731 1956 00.
756 1896 834 1958 1579
860 1901 990 1956 exstare
1018 1889 1221 1956 animadver-

111 2012 173 2054 sum
184 1999 280 2068 esset,
295 2011 392 2054 voces
404 1989 512 2055 audiri
526 1997 660 2076 coeptae
674 1999 748 2053 sunt
759 1989 993 2054 clamitantium
1005 1987 1222 2076 Sophocleum

110 2087 184 2154 illud
221 2111 293 2154 esse
325 2088 575 2176 explodendum.
618 2087 782 2175 Explosit
808 2087 1002 2178 Elmslejus,
1038 2086 1224 2174 repudiavit

110 2187 268 2274 Reisigius
281 2189 339 2280 3¹¹),
362 2190 476 2276 rejecit
497 2187 714 2252 Buttmannus
727 2189 783 2272 ²5),
806 2188 941 2253 salutem
964 2210 1074 2253 omnes
1097 2195 1153 2250 aut
1182 2184 1224 2250 ab

112 2288 302 2371 scholiasta,
326 2287 414 2375 apud
437 2311 531 2376 quem
550 2287 668 2374 legitur
690 2285 943 2370 ξυντομώτατος.
974 2280 1046 2351 ἀντὶ
1067 2289 1126 2352 τοῦ
1148 2307 1225 2352 ουν-

111 2381 225 2468 τόμως,
251 2396 307 2452 aut
330 2386 460 2452 aliunde
480 2394 636 2476 petentes.

188 2488 235 2552 At
261 2509 340 2553 vero
367 2498 441 2553 sunt
470 2489 526 2573 qui
552 2485 775 2554 adversentur.
819 2486 1016 2574 Refragatur
1045 2490 1130 2552 enim
1150 2486 1223 2552 Rei·

114 2589 191 2673 sigio
221 2587 385 2653 dubitanti
406 2586 589 2652 Ellendtius
602 2587 661 2670 26),
691 2585 973 2652 vehementissime
1000 2587 1163 2652 invehitur
1191 2588 1225 2651 in

116 2685 300 2775 Elmslejum
324 2684 363 2751 G.
383 2685 593 2751 Hermannus
615 2687 831 2752 temeritatem
852 2686 942 2752 illam
969 2688 999 2752 ei
1022 2685 1224 2774 exprobrans

116 2796 144 2850 et
164 2787 345 2870 audaciam,
367 2808 431 2874 qua
452 2787 487 2850 in
508 2784 667 2850 adverbia
688 2787 913 2874 comparativa
934 2787 1075 2874 primum
1104 2789 1225 2852 saevie—
1331 2873 1333 2880 Ι

117 2887 164 2970 rit,
185 2885 294 2974 paullo
321 2893 396 2972 post
417 2894 524 2950 autem
549 2883 712 2950 intellecto
736 2908 846 2952 errore
866 2884 963 2950 valde
982 2883 1137 2970 doluerit3
1166 2909 1226 2973 pa·

116 2987 263 3051 trocinari
278 2985 408 3050 videtur
422 2983 608 3050 Lobeckius
619 2985 660 3062 ²l)
673 2985 781 3071 potius
798 2985 955 3050 adversus
968 2985 1227 3073 Hippocrateum

115 3075 317 3160 treverense
344 3091 387 3171 (p.
411 3089 459 3149 12.
486 3080 595 3162 Lind.)
626 3104 718 3148 arma
748 3083 905 3150 sumenda
932 3106 1003 3149 essa
1024 3094 1131 3167 ratus;
1162 3107 1227 3150 non

115 3183 256 3249 invident
278 3183 417 3267 denique
440 3181 632 3248 scholiastae
651 3171 738 3248 illius
760 3184 875 3248 virtuti
902 3205 942 3250 ao
970 3184 1149 3270 sapientiae
1170 3207 1227 3248 nu-

115 3285 182 3368 peri
203 3282 374 3372 Sophoclis
398 3282 539 3347 editores
560 3281 752 3348 Dindorfius
780 3281 944 3368 Bergkius
963 3281 1228 3348 Schneidewinus

115 3381 279 3450 Nauckius
302 3381 367 3465 alii,
390 3382 447 3470 qui
467 3374 724 3462 ξοντομωτοὶτως
744 3383 901 3448 intactum
922 3381 1131 3471 reliquerunt.
1168 3383 1230 3448 Ne-

116 3503 174 3568 que
195 3506 273 3570 ego,
305 3490 478 3570 postquam
503 3490 551 3547 tot
574 3488 704 3566 tamque
726 3480 868 3549 illustres
893 3480 1078 3548 defensores
1099 3483 1229 3548 exstite-

116 3591 205 3664 runt,
246 3580 439 3647 adverbium
471 3578 553 3644 illud
587 3588 742 3669 tanquam
778 3581 1017 3648 sanctissimum
1048 3580 1231 3648 Atticorum

115 3683 260 3768 μονῆρες,
291 3680 381 3770 quod
404 3679 580 3745 serioribus
602 3681 702 3776 quasi¹
717 3679 884 3768 exemplar
906 3679 975 3763 huit,
1001 3678 1124 3746 habere
1146 3680 1229 3748 desi-

116 3821 321 3836 *n—

165 3898 208 3964 au
226 3895 330 3952 comm
348 3897 407 3954 erit.
425 3915 453 3969 p.
468 3901 526 3954 aso.

165 3982 206 4046 aa)
223 3979 344 4037 oramm.
362 3980 397 4038 IL
414 3999 443 4052 p.
462 3984 511 4036 aro
529 3979 604 4035 aun.

168 4063 209 4131 26)
226 4063 291 4120 Lex.
311 4061 393 4136 Soph.
412 4068 432 4120 t.
450 4063 484 4118 11.
503 4081 532 4135 p.
553 4067 602 4116 770
620 4078 642 4119 s.
660 4079 685 4119 v.
705 4061 859 4136 συντόμως.

168 4148 209 4214 tv)
227 4147 329 4204 Buttm.
349 4146 462 4203 Gramm
487 4147 504 4202 l.
517 4147 535 4204 1.
552 4208 553 4212 ρ
