3056 4968
872 469 931 529 100

345 637 537 730 Χαλκηδών
556 645 686 709 Atticae
711 644 849 710 dialecto
871 645 1065 726 vindicavit,
1092 667 1198 732 neque
1217 644 1384 710 Boeckhio
1405 642 1455 720 (ci.

346 744 382 811 O.
406 746 432 809 I.
453 743 512 810 Gr.
534 745 559 808 1.
581 765 656 830 pag.
679 749 738 810 662
760 753 792 807 et
813 742 1037 810 Staatshansh.
1059 741 1093 807 II
1113 767 1189 830 pag.
1213 749 1287 822 695)
1309 744 1456 807 assentiri

345 867 489 930 possum,
512 845 567 931 qui
588 841 798 906 Leutschium
819 853 947 908 secutus
971 836 1156 925 Καλχηδών
1177 865 1198 906 a
1219 837 1332 927 κάλχη,
1354 843 1391 906 id
1412 852 1458 904 est
1521 899 1522 904 ,

347 957 465 1025 ostrea,
488 941 702 1006 derivandum
726 963 798 1005 csse
820 942 954 1024 iudicat,
976 965 1073 1029 quam
1084 943 1187 1006 Attici
1205 936 1329 1027 χάλκην
1350 940 1457 1028 appel·
1521 991 1522 1012 ,

343 1042 485 1108 laverint
505 1042 565 1121 (λλ)

409 1142 616 1226 Quamquam
648 1141 733 1204 enim
763 1142 878 1225 negari
911 1163 975 1206 non
1010 1149 1117 1227 potest
1147 1142 1404 1206 vetustissimam
1429 1149 1458 1203 et

343 1244 498 1328 optimam
541 1242 736 1326 scripturam
778 1261 850 1305 esse
889 1235 1089 1325 Καλχηδών,
1138 1251 1246 1305 tamen
1283 1241 1366 1305 hanc
1409 1263 1456 1302 ur-

344 1340 419 1404 bem
447 1341 489 1406 ab
524 1363 600 1406 aere
631 1363 748 1404 nomen
783 1340 950 1426 accepisse
982 1361 1023 1404 ex
1057 1340 1147 1404 hisce
1174 1341 1377 1426 argumentis
1406 1361 1458 1424 ap-

368 1451 446 1506 aret

344 1464 366 1526 p
406 1537 458 1604 Ac
488 1541 630 1627 primum
662 1538 791 1625 quidem
825 1561 897 1620 ora,
932 1538 989 1604 ubi
1022 1537 1209 1603 Calchedon
1239 1537 1369 1602 condita
1404 1547 1457 1618 est,

348 1640 434 1703 aeris
456 1638 603 1704 bonitate
632 1636 799 1720 excelluit,
831 1641 1023 1724 praesertim
1045 1638 1152 1702 insula
1173 1637 1347 1716 Ohalcitis,
1377 1660 1457 1722 qnae

344 1737 510 1826 Stephano
532 1738 694 1824 Byzantio
720 1746 803 1800 teste
824 1743 862 1814 (s.
884 1759 914 1800 v.
937 1735 1111 1815 Χαλκῖτις)
1140 1736 1360 1824 qnadraginta
1390 1748 1457 1801 tan-

343 1847 412 1902 tum
440 1838 548 1903 stadia
578 1838 621 1902 ab
647 1835 729 1902 urbe
758 1833 873 1900 aberat
901 1835 952 1912 (cf.
978 1836 1122 1923 Hesych.
1151 1859 1175 1902 s.
1197 1859 1227 1899 v.
1249 1829 1458 1921 Δημονήσιας

342 1931 476 2015 χαλκός,
499 1937 655 2024 Stephon.
675 1937 756 2021 Byz.
777 1934 799 1999 l.
820 1933 851 2018 l.,
872 1935 1009 2000 Aristot.
1030 1934 1145 2002 mirah.
1170 1935 1245 1999 aud.
1264 1941 1315 2018 59,
1337 1935 1454 2001 Pollnc.

344 2059 448 2101 onom.
470 2043 499 2120 5,
522 2043 572 2119 39,
595 2035 761 2122 Theophr.
783 2033 824 2098 de
844 2032 944 2121 lapid.
967 2040 1027 2110 25.)

266 2187 277 2210 .
406 2135 537 2201 Deinde
558 2135 688 2217 flumen,
711 2133 799 2219 quod
822 2131 1031 2199 Calchedona
1053 2134 1256 2220 praeterfluit
1276 2145 1309 2199 et
1330 2138 1456 2200 omnino

343 2245 430 2299 totus
453 2257 532 2320 ager
555 2232 794 2299 Calchedonius
818 2226 950 2308 Χαλκίς
968 2235 1020 2312 (cf.
1043 2232 1153 2320 Steph.
1170 2235 1251 2320 Byz.
1273 2257 1298 2300 s.
1313 2258 1345 2299 v.
1361 2235 1455 2297 Χαλ-

343 2328 454 2418 κηδών
476 2344 508 2398 et
523 2335 620 2398 Dion.
641 2335 768 2419 Pericg.
791 2355 821 2397 v.
837 2339 897 2400 764
919 2329 1072 2415 ,Χαλκὶς
1092 2325 1264 2415 dossum),
1287 2334 1365 2399 urbs
1385 2338 1455 2422 ipffl

345 2454 365 2496 a
386 2432 498 2519 Steph.
520 2433 601 2519 Byz.
624 2439 660 2510 (s.
683 2455 713 2500 v,
737 2430 912 2510 Χαλκῖτις)
935 2435 972 2492 X
970 2429 1098 2507 αλκῖτις
1119 2432 1313 2519 appellatur.

408 2531 501 2610 Quae
522 2555 597 2598 cum
619 2533 666 2596 ita
688 2533 753 2595 sint
773 2531 836 2596 hoc
856 2532 936 2595 mihi
958 2531 1164 2596 statuendum
1186 2555 1258 2596 essa
1278 2531 1416 2600 videtur.

409 2626 597 2712 Χαλκηδών
624 2633 689 2695 iam
717 2632 950 2716 antiquissimis
970 2632 1172 2717 temporibus
1201 2634 1235 2696 in
1257 2631 1369 2719 lIngus
1391 2634 1455 2698 vul-

345 2732 418 2814 gari
438 2731 568 2794 transiit
587 2733 621 2794 in
641 2724 844 2816 Χαλχηὸών,
877 2753 961 2816 quae
980 2729 1085 2795 forma
1106 2753 1178 2794 cum
1206 2733 1241 2795 in
1262 2731 1387 2797 litteras
1408 2755 1453 2797 re

346 2831 411 2915 cipi
429 2852 493 2894 non
509 2839 620 2916 posset
632 2853 696 2896 non
708 2831 842 2915 spiritus
861 2829 1032 2894 metathesi
1050 2829 1107 2894 sed
1118 2830 1190 2914 lege
1203 2829 1260 2894 illa
1278 2830 1453 2918 euphonica

346 2927 496 2994 adhibita
523 2952 583 3016 per
610 2938 736 3016 septem
764 2929 832 2993 iere
859 2927 989 2994 saecula
1015 2923 1215 3013 Καλχηδών,
1249 2941 1325 3016 post
1351 2933 1451 2996 autem

345 3029 510 3092 contraria
531 3031 657 3094 ratione
672 3021 863 3112 Χαλκηδών
882 3029 1041 3114 scriptum
1062 3037 1119 3092 est.
1219 3071 1225 3076 -

408 3127 549 3192 Prorsus
572 3127 719 3192 similiter
747 3127 787 3192 de
808 3126 921 3192 formis
945 3123 1125 3192 Θέλπουσα
1151 3141 1183 3192 et
1208 3124 1386 3216 Τέλφουσα
1408 3134 1449 3192 iu-

343 3226 516 3290 dicandum
539 3237 596 3291 est.
644 3223 831 3290 Θὲλπουσα.
851 3227 936 3291 enim
959 3225 1022 3291 fuit
1042 3228 1121 3292 urbs
1141 3229 1308 3294 Arcadiae
1327 3229 1370 3293 ad
1392 3229 1450 3292 La·

245 3395 247 3398 ,
303 3364 307 3370 -
343 3324 459 3388 donem
481 3327 545 3389 sita
565 3347 669 3411 prope
690 3327 822 3409 fontem,
841 3327 933 3391 cuius
955 3327 1120 3413 nymphae
1140 3326 1226 3392 idem
1248 3351 1365 3394 nomen
1386 3338 1449 3393 erat

344 3425 395 3500 (cf.
417 3423 516 3488 Paus.
535 3424 624 3489 VIII.
651 3429 795 3503 24-25).
837 3424 912 3490 Hoc
937 3447 1054 3489 nomen
1081 3425 1137 3489 illa
1166 3425 1256 3492 haud
1284 3427 1381 3493 dubie
1411 3427 1448 3491 ab

343 3545 429 3610 aqua
456 3523 564 3587 calida
591 3533 776 3609 acceperat,
805 3547 882 3588 narn
907 3525 997 3612 apud
1025 3524 1136 3609 steph.
1159 3525 1239 3611 Byz.
1264 3551 1289 3592 s.
1311 3551 1339 3592 v.
1363 3523 1449 3590 Θάλ-

341 3642 453 3684 nocco
476 3622 591 3688 eadem
615 3622 701 3686 urbs
723 3623 821 3689 etiam
848 3618 1032 3687 Θάλπουσα
1061 3623 1261 3712 appellatur,
1295 3626 1379 3714 quod
1405 3637 1448 3690 cst

343 3722 554 3808 participium
576 3720 669 3785 verbi
691 3714 842 3784 θάλπειν
869 3723 1042 3788 subaudito
1065 3719 1172 3809 κρήνη,
1215 3723 1329 3790 Altera
1348 3725 1446 3790 forms

346 3912 538 4004 Τέλφουσα)
567 3929 598 3983 et
630 3919 718 4004 apud
745 3919 918 4006 Polybium
945 3924 998 4000 (of.
1017 3921 1059 3986 II.
1082 3928 1138 4004 64,
1164 3923 1213 3987 IV
1215 3969 1222 3988 .
1245 3930 1303 4012 00,
1324 3929 1376 3999 73“,
1399 3929 1442 3997 77)

342 4027 473 4080 servata
507 4029 557 4082 est
589 4021 699 4106 itaque
732 4030 871 4104 apparet
899 4016 1099 4084 Θέλπουσαν
1130 4045 1189 4108 per
1221 4025 1355 4088 formam
1381 4021 1440 4084 vul·

346 3815 524 3906 Τὲλφουσα
547 3819 635 3906 apud
657 3819 793 3883 eundem
816 3821 925 3908 Steph.
952 3846 976 3890 s.
999 3845 1029 3886 v.
1055 3817 1251 3909 Τελφοῦσσα
1267 3823 1330 3902 (vel
1346 3826 1443 3911 potius

340 4135 451 4200 garam
478 4112 693 4206 Θέλφουσαν,
722 4139 804 4204 quae
829 4119 959 4207 quidem
981 4121 1033 4186 bis
1052 4118 1171 4207 legitur
1191 4122 1281 4208 apud
1297 4120 1439 4188 Wescher
1465 4075 1474 4092 ·
