3034 4964
851 449 897 520 72,

770 529 975 536 *κη-ψ.

314 647 389 690 msa
422 625 505 690 inter
534 647 605 690 sese
633 635 870 692 commutantur
902 627 956 702 (.of
983 625 1090 692 Bastii
1117 646 1234 690 comm.
1263 623 1410 711 palaeogr

314 745 390 810 pag
412 729 471 792 743
494 734 526 788 et
548 729 621 802 771)
642 725 700 790 sed
722 728 820 792 etiam
839 725 984 810 Etymol.
1005 747 1113 842 magn:
1136 748 1162 789 s.
1182 747 1214 787 v.
1235 716 1367 798 σκνιαός
1384 733 1412 786 θλ

313 822 456 908 Hesych.
490 847 514 888 s.
546 847 599 890 vv.
629 819 762 901 σκαιός,
795 820 936 890 σιινιττόν
969 834 1001 892 et
1034 817 1138 909 σκνίψ
1170 830 1283 910 aperte
1315 821 1413 902 dicunt

313 915 453 996 σννιιιός
486 921 538 987 vel
574 918 714 1010 σκνιφός
748 925 909 990 hominem
936 923 1145 1005 illiberalem,
1179 914 1283 1008 σννίψ
1310 931 1414 998 autem,

313 1020 398 1088 unde
419 1023 625 1092 accusativus
647 1023 782 1098 σκνῐπα,
808 1023 977 1090 bestiolam
1001 1022 1193 1108 significare.
1231 1020 1328 1102 Quod
1345 1042 1413 1085 vero
1496 1045 1497 1096 5

315 1119 358 1184 ad
379 1120 613 1206 etymologiam
633 1122 729 1188 huius
750 1121 903 1190 vocabuli
922 1115 1076 1199 (σκνιαός
1096 1120 1181 1198 dico)
1203 1123 1332 1202 attinet,
1359 1143 1415 1184 non

314 1217 532 1305 improbabile
553 1221 683 1288 videtur
704 1223 772 1286 iam
793 1229 920 1288 veteres
941 1221 1175 1307 grammaticos
1196 1229 1286 1286 recte
1306 1218 1415 1284 iudica·

313 1319 411 1399 visse,
435 1321 491 1406 qui
511 1317 570 1384 τὸν
592 1315 734 1393 σκνιαόν
751 1332 784 1386 et
796 1317 874 1396 τοὺς
895 1321 1037 1396 σκνῖντας
1053 1341 1257 1384 communem
1271 1319 1416 1404 originem
1497 1361 1498 1398 3

314 1417 436 1482 habere
456 1420 510 1492 (cf.
531 1420 644 1506 Etym.
664 1444 707 1488 m.
730 1421 751 1486 l.
773 1419 805 1496 l)
827 1429 1034 1508 putaverunt.
1067 1411 1179 1504 Σκνίψ
1202 1427 1320 1499 autem,
1341 1407 1417 1505 q'uod

315 1516 404 1603 apud
425 1515 561 1584 Suidam
584 1540 609 1585 s.
623 1543 655 1586 v.
678 1514 783 1604 σκνίψ
804 1529 837 1586 et
857 1519 947 1606 apud
968 1517 1112 1605 Hesyclu
1128 1541 1153 1584 s.
1164 1541 1196 1584 v.
1217 1513 1302 1600 κνίψ
1322 1512 1417 1599 ,ζῶον
1498 1589 1499 1594 ¹

313 1610 435 1696 ὅμοιον
457 1611 616 1680 ιιώνωαια
637 1628 670 1684 et
690 1612 855 1704 ,,ατηνόν“
876 1619 928 1696 (cf.
951 1619 1048 1684 etiam
1063 1616 1207 1703 Hesych.
1230 1639 1255 1682 s.
1270 1639 1301 1680 v.
1316 1607 1417 1698 σννίψ)

314 1713 507 1801 appellatur,
522 1717 610 1782 haud
622 1716 720 1793 dubie
732 1726 906 1802 cognatum
916 1726 966 1782 est
977 1715 1088 1782 verbis
1100 1709 1247 1780 σκνίνιτω
1258 1721 1313 1794 (--
1324 1707 1416 1776 νύσσα

315 1837 367 1900 ap.
388 1813 560 1902 Hesyoln),
582 1810 715 1882 κνάτιται
737 1827 770 1882 et
790 1809 900 1898 νινίζω,
922 1838 1005 1901 quae
1026 1816 1136 1881 omnia
1158 1813 1201 1879 ad
1222 1815 1418 1902 punctionem
1499 1853 1500 1880 ι

317 1924 351 1978 et
372 1916 531 2000 pruritum
547 1914 661 1980 talium
681 1915 895 1982 bestiolarum
915 1917 1087 2002 pertinent
1130 1913 1232 2001 Apud
1253 1913 1418 1999 scriptores

315 2013 555 2078 ecclesiasticos
585 2014 722 2080 Latinos
754 2017 852 2080 etiam
884 2014 990 2081 forma
1019 2012 1132 2078 cinifes
1157 2013 1340 2094 invenitur,
1371 2009 1419 2096 qui

317 2122 403 2178 certe
425 2136 491 2180 non
513 2112 635 2178 divorsi
658 2123 775 2180 sunta
797 2114 933 2180 Graecis
953 2113 1089 2198 σκνῖφος
1110 2111 1162 2176 vel
1182 2111 1306 2198 κνῖφες.

215 2302 216 2305 ¹
378 2212 418 2278 V.
440 2212 576 2278 Photius
597 2212 715 2278 inlex.
739 2236 763 2278 s.
786 2237 816 2279 v.
839 2214 1041 2296 ,,νιᾶνσς4)·
1071 2206 1176 2296 δέσμη
1198 2205 1417 2296 κληματλδων·

315 2332 348 2374 σι
369 2305 406 2373 δε
423 2332 615 2394 νεωτεροι
631 2303 790 2376 Αττικσι
811 2334 949 2397 φανσν
975 2303 1262 2396 Αριστοφάνης.“
1291 2308 1340 2376 Of
1353 2329 1419 2372 eun
1501 2361 1502 2374 ,

316 2409 436 2477 demo.
459 2434 491 2476 v.
512 2411 655 2496 ,,φᾶνος·
686 2404 863 2492 λαμπας(
843 2435 864 2494 η
888 2406 925 2474 ἐκ
946 2403 1137 2496 κλημάτων·
1169 2431 1276 2484 ουτως
1298 2401 1421 2470 Μέναν-

314 2507 418 2589 ὄροςκ
440 2517 472 2574 et
492 2509 643 2577 Eustath
664 2511 765 2579 adIl.
790 2516 878 2579 1189.
900 2517 955 2580 24:
989 2502 1125 2592 ,ἰστέον
1146 2503 1225 2572 δὲ“
1205 2530 1262 2572 οτι
1279 2529 1318 2571 το
1342 2494 1417 2586 παρ’

312 2601 448 2695 Ὁμλρῳ
475 2602 576 2685 σέλας
601 2607 724 2694 πυρὸς,
759 2601 834 2696 ήτσι
855 2606 1001 2728 πυρσὸν,
1030 2609 1138 2692 φᾶνον
1171 2600 1205 2672 oi
1236 2601 1423 2685 νεώτεροι

314 2659 444 2770 rlnov'
441 2701 588 2774 Αττικοί.
630 2702 649 2772 ὁ
679 2702 713 2773 δ’
739 2699 840 2784 αὐτὸς
867 2705 924 2772 καὶ
950 2711 1074 2785 πᾶνος,
1112 2699 1182 2771 ἀπὸ
1209 2709 1270 2770 τοῦ
1298 2702 1422 2792 φαίνειν

317 2802 564 2924 ρχημστισθιίς,
587 2828 683 2894 φασι,
706 2831 788 2872 κατα
776 2804 993 2892 μεταβολὴν
1013 2808 1074 2871 τοῦ
1088 2827 1125 2893 φ,
1149 2791 1223 2870 οἷον
1242 2806 1422 2889 ‚praenites

315 2897 453 2984 ὅξαντες
473 2901 649 2992 φλόγα,““
670 2908 758 2995 quod
779 2909 899 2972 veteris
920 2908 1039 2994 tragici
1059 2906 1113 2972 vel
1134 2906 1251 2972 comici
1272 2905 1422 2990 fragmen-

314 3014 385 3072 mm
406 3028 479 3072 esse
497 3006 636 3072 videtur.

363 3192 390 3256 4)
409 3187 549 3260 Equidem
566 3194 728 3246 constanter
746 3194 837 3250 πᾶνος
853 3193 883 3243 et
900 3193 998 3260 φᾶνος,
1016 3205 1074 3244 non
1092 3183 1224 3248 πανόςολ
1236 3186 1330 3258 φανός
1343 3185 1422 3252 scribo

314 3273 435 3327 Arcadio
453 3277 574 3341 auctore,
592 3273 668 3344 apud
685 3288 767 3344 quem
784 3289 849 3344 pag.
864 3275 935 3327 63.8
952 3271 992 3326 sic
1008 3271 1158 3344 legendum
1175 3273 1229 3324 est:
1250 3272 1295 3325 Τὰ
1309 3275 1350 3332 εἰς
1365 3273 1422 3330 ᾶνῐῑς

314 3353 468 3423 δισύλλαβα
486 3355 568 3428 κύρια
586 3353 656 3411 ὄντα
674 3354 692 3424 ἤ
708 3357 913 3429 προσηγορικὰ,
930 3357 991 3428 (μὴ)
1007 3355 1108 3426 ἔχοντα
1127 3354 1292 3422 διαστολὴν,
1313 3355 1421 3429 βαρύνε-

315 3457 375 3493 ται·
396 3443 488 3501 Τᾶνσς
506 3440 583 3506 (urbs
600 3439 700 3495 Cretae
725 3445 754 3494 et
768 3439 882 3498 flumen
906 3438 1073 3510 Cynum),
1046 3441 1199 3507 )Φᾶνσς
1216 3438 1247 3492 τὸ
1266 3436 1363 3540 κύριον
1382 3435 1422 3506 (cf.

315 3523 456 3594 Aristoph.
479 3541 523 3596 eq.
546 3527 609 3578 1256
627 3529 656 3578 et
672 3524 774 3592 Lehrs,
792 3523 878 3578 Arist
900 3524 943 3580 ed.
961 3521 990 3576 11
1010 3539 1076 3594 pag.
1096 3525 1157 3591 280)
1180 3527 1272 3583 πᾶνσς
1294 3522 1310 3576 ὁ
1332 3520 1423 3592 λύχνος

316 3607 366 3675 (aio
384 3607 517 3684 Lehmius
540 3608 656 3679 δίφρος,
677 3609 753 3679 qnod
769 3607 837 3662 est'
829 3626 859 3662 m
876 3608 957 3662 codd.
960 3606 1162 3678 ,emendarit)
1194 3605 1230 3662 τὰ
1245 3610 1348 3678 μέντοι
1363 3607 1421 3661 λιιι.

316 3687 453 3744 &erexit
436 3712 452 3757 η
470 3693 662 3766 προσηγορικὰ
679 3693 719 3762 μὴ
738 3693 788 3762 (μὴ
807 3692 913 3746 abest'
905 3709 935 3746 ιιι
948 3692 1041 3762 codd.)
1067 3691 1168 3760 ἔχοντα
1194 3691 1347 3757 διαστολὴν
1364 3682 1422 3750 ὀξύ-

314 3788 405 3826 νεται
423 3773 515 3844 φανός
533 3775 596 3842 (hoo
615 3779 774 3845 corruptum
791 3779 840 3829 aut
852 3773 961 3846 falsum,
978 3773 1069 3848 φανός
1085 3774 1159 3828 enim
1172 3795 1189 3826 α
1201 3773 1318 3846 longum
1330 3771 1421 3836 habet).

316 3857 348 3911 τὸ
367 3854 399 3912 δὲ
418 3849 524 3919 πλανος
546 3857 698 3929 βαρύνεται
724 3859 819 3913 καὶτὸ
839 3854 925 3920 νανος
943 3857 958 3914 ὁ
976 3855 1085 3930 μικρός.
1120 3855 1207 3911 Recte
1230 3858 1304 3912 enlm
1329 3855 1422 3910 iudicat

316 3940 448 3995 Lebrsius
471 3941 525 3997 ll.
554 3942 608 3997 hoc
632 3941 694 3996 loco
720 3940 980 4015 μακροπαριὶληνιτα
1002 3947 1032 3996 ct
1053 3939 1311 4016 βραχυπαράλητιτα
1331 3938 1421 4011 partlm

316 4023 511 4096 epitomatoris
533 4027 635 4100 purtim
658 4025 835 4080 librariorum
862 4025 946 4098 culpa
973 4029 1142 4082 commutate
1161 4040 1236 4082 σανα.
1279 4023 1323 4080 of.
1348 4022 1421 4078 etiam

317 4105 507 4164 Herodianum
524 4111 567 4167 ed.
585 4111 675 4165 Lentu
690 4107 715 4164 L
730 4126 758 4180 p.
774 4113 832 4164 175,
