3008 4968
511 401 717 495 „22³ss

114 578 242 646 Deinde
263 603 305 644 ex
332 579 388 644 illa
417 576 557 646 flexione
565 629 574 664 ,
608 579 665 646 ubi
687 601 702 644 ε
724 602 783 666 pro
805 580 874 646 iota
906 579 1045 666 positum
1078 588 1164 642 recte

62 677 207 761 sehabet,
226 677 376 766 exempla
393 689 535 744 exstant:
558 677 700 764 Theogn.
717 684 770 744 56:
789 679 845 764 τῆς
867 667 898 740 δ’
922 671 1075 758 ἐνέμοντο
1099 671 1165 740 πό-

61 773 126 852 λεος
141 777 151 862 ll
167 778 226 860 (A,
257 779 357 842 ceteri
378 773 435 863 τήν
457 769 658 856 (δ’-πόλιν),
690 777 747 842 ubi
769 798 805 838 eo
828 777 992 863 synizesin
1013 775 1164 840 efficiunt.

61 871 174 953 πόλευς
195 877 293 964 vulgo
316 875 469 940 scribitur
492 883 550 944 776
573 887 604 940 et
631 883 721 960 1043,
751 875 808 940 sed
829 887 937 940 tamen
959 875 1113 940 hocloco
1135 874 1165 940 A
1250 927 1273 950 ,.

62 969 182 1052 πόλεως
205 975 354 1058 exhibet,
376 975 422 1038 ita
444 984 480 1039 ut
501 976 558 1039 vix
581 974 725 1040 dubitari
752 979 856 1061 possit
882 975 923 1040 ab
954 976 1078 1062 origine
1100 969 1165 1036 πό-

62 1071 127 1150 λεος
148 1077 304 1162 scripturn
326 1074 433 1138 fuisse.
479 1072 640 1154 Quocirca
657 1075 753 1138 etiam
776 1077 884 1162 priore
906 1073 977 1138 loco
998 1083 1166 1140 contracta

61 1173 155 1238 forma
175 1173 320 1240 librariis
350 1171 468 1237 deberi,
490 1171 635 1254 videtur,
669 1195 806 1261 quorum
839 1174 972 1238 auribus
1007 1174 1166 1260 syniaesis

61 1294 116 1336 non
137 1271 305 1360 placuerit.
348 1270 478 1336 Etenim
498 1271 660 1338 Homerus
681 1273 715 1336 in
735 1272 786 1338 his
809 1295 845 1336 ao
864 1296 929 1337 non
949 1275 984 1338 in
1005 1271 1166 1360 syllabam

60 1391 89 1432 ευ
111 1372 286 1436 coniunxit.
309 1407 350 1418 -
372 1369 436 1436 Sol.
460 1378 494 1452 4,
525 1377 569 1436 17.
591 1375 630 1438 32
658 1363 758 1434 πόλει
785 1372 827 1436 ad
848 1370 991 1436 Atticam
1018 1395 1166 1438 normam

60 1470 181 1536 flexum.
225 1470 319 1551 Quae
339 1470 463 1534 formae
490 1479 586 1534 natae
608 1479 682 1534 sunt
703 1492 745 1534 ex
767 1469 912 1558 pleniore
935 1473 1037 1558 stirpe
1057 1469 1162 1544 πολει,

61 1569 103 1632 ita
129 1579 163 1633 ut
189 1568 327 1634 alterum
361 1568 555 1656 diphthongi
585 1589 613 1630 ει
642 1567 832 1636 elementum
861 1571 895 1634 in
923 1569 1063 1636 flexione
1091 1582 1167 1636 ante

63 1678 240 1754 sequentem
272 1667 418 1734 vocalem
450 1667 622 1732 eiceretur:
655 1661 828 1751 πόλει-ος,
863 1666 1032 1753 note-09,
1064 1667 1168 1736 πολε-

62 1786 109 1840 ος,·
130 1765 257 1832 dativus
280 1767 416 1856 plnralis
434 1777 541 1840 autem
563 1761 707 1846 (πόλεσι)
730 1767 773 1832 ad
794 1767 879 1834 hanc
899 1767 1083 1855 analogiam
1103 1771 1166 1835 for-

61 1874 236 1930 natusest.

117 1963 265 2052 Denique
294 1976 455 2054 apparent
481 1967 603 2032 formae
632 1966 746 2052 opicae
768 1989 809 2030 ex
830 1966 943 2032 eadem
972 1969 1073 2053 stirpe
1095 1991 1166 2054 pro·
1284 1978 1289 1988 '

62 2061 170 2147 lectae,
193 2067 257 2130 nisi
279 2065 366 2152 quod
388 2066 455 2130 iota
476 2067 520 2152 (j)
543 2067 644 2130 eiecto
666 2085 681 2128 a
703 2066 738 2130 in
759 2086 778 2150 η
801 2065 992 2152 productum
1011 2076 1072 2132 est.
1101 2065 1166 2132 Ad-

63 2162 183 2228 modum
215 2187 291 2230 raro
324 2186 378 2230 eas
409 2164 574 2230 adhibitas
607 2187 678 2230 esse
710 2161 803 2228 docet
832 2163 925 2228 haeev
946 2163 1166 2250 exemplorum

63 2263 214 2345 paucitas:
238 2262 332 2350 Tyrt.
357 2269 404 2345 12,
430 2269 467 2328 15
488 2257 602 2348 πόληϊ.
646 2263 790 2348 Theogn.
815 2268 873 2330 757
894 2256 1029 2348 πόληος.

117 2382 145 2454 2)
165 2379 239 2446 Non
272 2379 374 2446 multa
410 2378 548 2446 dicenda
586 2387 659 2444 sunt
691 2377 731 2444 de
761 2378 933 2466 stirpibus,
971 2401 1053 2468 quae
1082 2381 1116 2444 in
1149 2403 1168 2444 v

64 2487 179 2544 exeunt.

118 2575 323 2664 Quantopere
345 2577 439 2642 lones
470 2579 568 2644 etiam
588 2579 623 2642 in
644 2576 844 2660 nominibus,
876 2579 1014 2664 quaein
1037 2577 1166 2646 casibus

66 2673 187 2742 oblicuis
211 2699 229 2738 v
251 2676 400 2758 retinent,
424 2676 544 2742 solutas
566 2677 688 2740 formas
711 2676 955 2759 adamaverint,
981 2678 1101 2763 optime
1122 2686 1167 2742 te-

67 2781 154 2840 statur
168 2773 267 2840 Arch.
290 2797 339 2862 ep.
359 2782 413 2842 101
438 2771 571 2850 πολλὰς
591 2769 627 2838 δὲ
647 2770 776 2862 τυφλὰς
797 2769 951 2856 ἐγχέλυας
974 2770 1086 2854 ἐδέξω,
1112 2775 1167 2840 ubi

67 2881 151 2955 po'e'ta
171 2896 212 2938 ne
235 2873 340 2938 soluta
368 2875 496 2960 quidem
523 2875 591 2940 arsi
619 2895 654 2938 se
679 2873 854 2956 abstinuit,
885 2897 957 2938 oum
980 2874 1168 2940 Herodotus

66 2971 93 3035 in
111 2972 168 3040 hoc
191 2997 271 3039 casu
294 2996 422 3061 semper
445 2974 698 3050 eontraotionem
720 2973 870 3038 admittat
888 2977 919 3051 ⁵).

117 3089 324 3156 Homericam
345 3089 615 3170 consuetudinem,
640 3111 681 3154 ex
703 3111 768 3175 qua
788 3088 917 3152 dativus
932 3087 1047 3152 horum
1068 3091 1167 3154 nomi·

70 3209 133 3253 num
148 3211 275 3276 semper
290 3189 503 3271 contrahitur,
514 3187 667 3252 observat
679 3187 844 3272 Theognis
857 3191 914 3254 961
934 3181 1021 3271 ὕδωρ
1039 3179 1073 3250 δ’
1091 3179 1167 3252 ἅνα-

68 3279 203 3370 alapam
226 3280 321 3372 livill
336 3287 487 3366 (Ahrens,
511 3297 543 3352 et
562 3287 674 3372 Bergk
696 3309 767 3363 scr,
788 3285 865 3352 libri
887 3281 981 3362 ὕδει).

118 3399 346 3486 substantiva,
376 3425 460 3490 quae
482 3425 524 3468 ex
555 3404 698 3468 auctiore
728 3404 830 3489 stirpe
850 3403 884 3466 in
907 3423 941 3464 ao
970 3423 1066 3467 casus
1089 3401 1166 3466 obli-

70 3519 135 3584 quos
156 3501 272 3568 valiso
295 3503 436 3568 formant
457 3503 508 3580 (ef.
529 3509 567 3584 1),
589 3503 699 3567 Ionico
721 3523 811 3566 more
833 3502 866 3564 in
888 3505 1038 3587 genetivo
1061 3503 1168 3586 singu-

70 3594 120 3662 lari
139 3601 399 3668 terminationem
421 3623 458 3678 ος
479 3601 636 3668 adhihent
670 3623 804 3688 eamque
833 3623 960 3708 semper
989 3603 1167 3666 seiunctam

71 3707 207 3794 astirpis
228 3708 349 3774 vocali:
372 3710 410 3776 cf.
433 3708 511 3774 sim.
535 3715 562 3787 7,
586 3715 640 3774 74:
663 3697 746 3771 εἶσιν
768 3699 810 3770 δι’
837 3699 954 3782 ἄστεος
983 3707 1088 3768 πᾶσιν
1109 3697 1168 3768 ἀν-

71 3797 207 3884 θρώποις
229 3802 341 3890 γέλως.
354 3843 395 3858 -·
410 3809 551 3874 Dativus
574 3806 747 3893 singularis
766 3806 853 3894 apud
866 3807 963 3898 Iopas
978 3815 1010 3870 et
1030 3805 1168 3893 plerum·

74 3969 261 3986 ''Q——

131 4071 155 4136 5)
171 4070 286 4128 Bredov.
305 4091 333 4143 p.
352 4075 408 4128 271.
