3056 4968
853 457 910 521 186
1021 521 1023 526 .

324 633 480 720 pletoriae
501 633 713 720 praeberent,
744 634 840 701 nobis
871 633 934 698 hnc
955 635 1122 722 pertinere
1148 657 1213 699 non
1234 634 1437 716 viderentur3

322 735 356 796 in
379 731 494 798 eodem
522 732 660 819 denique
685 755 820 798 numero
850 732 1047 799 collocamus
1074 733 1222 821 perlecta
1250 756 1319 799 non
1345 733 1438 798 redu-

323 831 461 918 plicata‚
482 854 500 896 e
523 831 691 896 radicibus
713 855 733 894 a
753 832 897 898 litteram
919 833 1157 924 continentibus
1181 832 1331 915 deflexa,
1357 853 1439 919 quae

323 930 445 996 vocalis
466 929 657 1016 producitur
678 934 713 995 in
732 932 868 1018 perfecti
889 930 1013 1015 formis,
1035 933 1128 997 dico!
1143 935 1245 1012 fraqi,
1266 933 1346 1011 feci,
1368 935 1441 1010 cepi,

323 1033 377 1112 epi,
395 1031 475 1110 pepi,
489 1033 573 1109 jsoi;
594 1051 670 1094 nam
691 1030 778 1117 quod
798 1030 946 1116 Boppius
966 1037 1115 1116 (gramm.
1139 1053 1242 1116 comp.
1256 1031 1290 1095 H
1312 1049 1346 1116 p.
1370 1035 1441 1107 428)

323 1129 430 1215 ponit,
463 1128 545 1192 baec
566 1130 712 1216 perfecta
735 1127 949 1216 productione
970 1129 1174 1216 suppletoria
1192 1129 1280 1193 facta
1302 1151 1376 1194 esse
1399 1151 1440 1194 ex

323 1229 490 1308 *frma
517 1228 664 1308 *sqslcq
695 1227 824 1308 *oe(0)pi
845 1227 908 1294 hoc
932 1227 1048 1314 repelli
1069 1229 1140 1292 iure
1163 1227 1242 1292 mibi
1264 1227 1441 1292 videtur'a

230 1412 232 1417 ³
324 1325 485 1392 Oorseeno
509 1325 626 1412 (symb.
649 1327 718 1392 crit
741 1349 772 1413 p.
797 1333 858 1394 530
881 1332 940 1414 sq.)
966 1329 1030 1414 qui
1050 1327 1307 1414 explicationem
1335 1327 1443 1411 magis

323 1424 535 1512 probabilem·
546 1427 581 1490 in
596 1425 739 1490 medium
754 1425 902 1512 protulit:
925 1428 1065 1512 primum
1078 1427 1201 1492 formas
1215 1425 1443 1512 reduplicatas

323 1525 487 1588 exstitisse
506 1548 537 1590 v.
553 1547 579 1590 c.
601 1524 718 1606 *jejdci
739 1534 807 1589 tum
830 1525 942 1610 stirpis
964 1524 1113 1611 syllabae
1135 1524 1281 1590 vocalem
1298 1534 1332 1590 et
1346 1528 1444 1612 qnasi

323 1623 526 1687 debilitatam
549 1631 581 1687 et
604 1623 813 1710 productam,
844 1625 966 1705 *jejaca
987 1625 1100 1704 *jaseel
1121 1624 1178 1706 als,
1207 1623 1350 1711 denique
1374 1625 1441 1711 syl·

322 1721 433 1788 labam
452 1721 689 1808 reduplicatum
718 1723 905 1804 evanuisse3
937 1745 1014 1786 nam
1042 1723 1189 1810 profecto
1223 1723 1377 1807 perlecta
1409 1746 1444 1788 eo

322 1819 522 1904 incumbunt,
538 1831 574 1886 ut
587 1821 734 1888 vocalem
749 1821 932 1909 producant
947 1822 1000 1897 (cf.
1011 1827 1104 1901 eides,
1120 1824 1254 1898 *erasm
1281 1822 1445 1886 Eiusdem

323 1921 452 2005 generis
474 1929 524 1986 est
544 1925 640 2001 aspa
660 1921 750 2008 apud
770 1922 900 1987 Lucret
922 1921 987 2004 lv,
1009 1925 1087 2004 619,
1120 1918 1208 2008 quod
1228 1919 1406 1992 descendit
1426 1945 1444 1986 a

322 2018 458 2100 radasqr
478 2021 513 2084 in
534 2020 655 2100 dpiscor
675 2025 799 2100 (apere).

749 2193 752 2202 ·
832 2187 861 2267 s.
884 2142 933 2254 lo.

385 2316 424 2381 In
456 2317 659 2403 praefatione
693 2317 948 2404 significavimus
980 2340 1022 2382 ex
1054 2319 1128 2404 ipsa
1157 2314 1290 2400 linguae
1323 2330 1445 2383 natura

325 2415 487 2502 profluere
510 2415 653 2482 studium
676 2417 840 2504 quoddam
860 2416 1018 2483 facilioris
1038 2416 1333 2502 pronuntiationis,
1355 2419 1444 2506 quod

324 2517 416 2580 varie
437 2513 670 2580 vocabulorum
697 2517 820 2580 formae
848 2525 959 2580 mutet.
1002 2516 1116 2602 Neque
1142 2536 1220 2579 vero
1249 2537 1289 2580 ea
1307 2515 1445 2602 linguae

324 2615 510 2701 proprietas
533 2623 600 2678 tam
616 2615 721 2683 subito
736 2613 957 2702 progreditur,
979 2623 1015 2678 ut
1032 2615 1182 2680 consonis
1197 2613 1445 2681 difficilioribus

324 2715 434 2778 statim
455 2713 545 2778 elisis
567 2735 703 2800 prorsus
725 2713 875 2780 diversas
897 2715 1048 2786 continuo
1069 2714 1193 2778 immas
1214 2713 1345 2779 efficiat.
1373 2714 1446 2780 Sed

325 2813 444 2878 sensim
464 2813 647 2898 sensimque
676 2835 735 2899 per
763 2814 873 2878 varios
904 2813 1164 2879 commutationis
1193 2814 1288 2899 quasi
1316 2813 1445 2898 gradus

324 2912 519 2998 originarias
538 2933 634 2978 voces
651 2913 698 2976 ita
710 2911 861 2976 dissolvit
880 2922 913 2976 et
928 2910 1058 2994 emollit,
1081 2919 1117 2976 ut
1131 2910 1285 2976 facillime
1300 2911 1445 3000 denique

324 3023 356 3078 et
380 3011 544 3078 lenissime
574 3009 722 3096 singulae
755 3009 884 3076 litterae
914 3011 998 3079 inter
1026 3033 1063 3076 se
1089 3011 1264 3097 excipiant
1312 3011 1382 3076 Iam
1415 3015 1446 3076 si

324 3111 509 3198 quaerimus
543 3111 598 3197 qni
624 3110 690 3174 sint
722 3110 752 3174 ci
786 3107 990 3176 emollitionis
1017 3109 1140 3196 gradus
1177 3131 1244 3174 non
1277 3130 1360 3195 opus
1392 3121 1446 3176 est

324 3209 367 3274 ad
389 3231 496 3274 meras
519 3209 744 3294 confugiamus
771 3210 975 3275 coniecturas
1004 3208 1123 3297 quibus
1151 3209 1232 3272 certi
1261 3208 1443 3296 quidquam

324 3318 421 3396 atque
461 3307 638 3374 indubitati
686 3307 861 3375 admodum
905 3331 980 3376 raro
1018 3317 1160 3374 eruatur,
1203 3306 1287 3372 esd
1325 3309 1359 3372 in
1392 3310 1443 3372 in·

325 3406 556 3494 scriptionibus
590 3406 748 3495 librisque
773 3407 902 3472 Latinm
933 3418 965 3474 et
991 3409 1027 3474 in
1058 3407 1207 3492 cognatis
1236 3405 1353 3472 Italiae
1379 3406 1442 3472 lin·

214 3573 216 3580 ,
323 3508 397 3592 guis
430 3505 618 3572 firmissima
646 3506 825 3573 mediarum
857 3506 986 3572 illarum
1016 3507 1196 3572 formarum
1222 3503 1340 3570 relicta
1366 3517 1443 3572 sunt

322 3606 471 3692 vestigia.
747 3691 750 3696 ἱ
878 3629 881 3635 ·

385 3703 436 3770 Ac
449 3704 598 3790 ‘primum
620 3703 750 3789 quidem
778 3713 820 3770 ut·
845 3705 1054 3772 exordiamur
1084 3703 1126 3770 ab
1149 3703 1308 3792 exemplis
1330 3708 1441 3772 certis-

325 3804 415 3868 simis
438 3803 573 3868 dimidia
601 3803 668 3870 sere
696 3827 775 3892 pars
804 3806 948 3870 omnium
978 3825 1090 3870 eorum
1114 3801 1370 3886 vocabulorum,
1400 3804 1441 3868 de

325 3901 442 3990 quibus
465 3903 572 3988 agitur
593 3905 627 3968 in
650 3903 871 3991 disputatione
891 3905 939 3968 ita
961 3911 1151 3990 comparata
1171 3911 1230 3980 est,
1252 3911 1288 3966 ut
1311 3913 1440 3989 praeter

325 4023 381 4066 eas
402 4001 532 4068 formas
547 4023 631 4090 quae
652 4002 867 4090 productione
887 4002 1087 4092 suppletoria
1116 4011 1206 4068 ortae
1225 4012 1327 4085 sunt,
1357 4001 1439 4068 aliae

326 4109 454 4168 exstent
472 4111 532 4168 ¹aut
553 4111 641 4168 certe
664 4101 899 4190 antiquissimis
921 4101 1122 4189 temporibus
1149 4100 1281 4187 linguae
1300 4101 1438 4168 Latinae
