3034 4964
837 415 879 478 24

298 600 408 686 epicos
438 605 470 662 et
500 599 596 663 Ionas
627 608 662 662 ut
690 617 919 684 nonnunquam
949 595 1075 660 Attioos
1104 591 1232 682 quosue
1265 595 1396 658 tormina·

299 697 442 764 tionibus
465 719 538 760 νται
561 707 592 762 et
619 719 675 759 ντο
697 719 718 758 α
740 695 886 760 vocalem
916 715 1135 782 praeponere,
1162 695 1209 758 ita
1231 693 1352 779 quidem
1370 703 1399 758 ut

301 798 489 862 neioiatur:
513 819 590 860 αται
620 797 673 874 (of.
701 795 784 861 Sort.
815 797 899 877 ato),
930 815 1000 859 ατο.
1044 793 1224 875 Homerus,
1255 815 1322 858 oum
1348 792 1399 857 sibi

298 919 364 962 non
385 905 510 960 constet
531 899 565 961 in
582 895 773 984 usurpanda
791 894 855 960 hau
874 893 1067 960 formatione
1087 895 1184 958 etiam
1200 892 1398 978 elegiaoorum

299 996 483 1080 fragmenta
510 1006 680 1083 utrumque
710 1017 780 1058 νται
797 999 840 1071 (ο)
862 1003 894 1057 et
916 1013 994 1055 αται
1013 998 1057 1072 (o)
1083 991 1254 1074 exhibere,
1281 1013 1341 1057 uon
1362 1001 1402 1055 ast

300 1095 389 1182 quod
406 1097 569 1161 miremur.
603 1095 759 1180 Legimus
775 1095 875 1160 enim:
890 1091 1002 1157 Mimn.
1018 1099 1064 1175 11,
1076 1099 1096 1160 6
1110 1087 1250 1156 κείαται.
1273 1091 1402 1177 Theogn.

279 1201 340 1264 ,41
360 1187 577 1280 τετράφαται,
603 1203 717 1260 eontra
737 1194 821 1259 Xan.
848 1201 875 1276 1,
897 1199 917 1260 9
938 1185 1143 1273 πάρκεινται..
1172 1191 1320 1277 Theogn.
1340 1196 1402 1256 itit

301 1286 496 1376 έκίκεινται,
518 1299 578 1361 736
601 1289 758 1374 γένοιντο.
781 1291 848 1358 sol.
870 1298 899 1374 4,
920 1298 940 1358 9
962 1285 1164 1368 ἐπίστανται,

364 1392 471 1474 Quam
488 1392 530 1458 ad
547 1392 791 1478 ambiguitatem
808 1392 958 1477 proxime
980 1390 1106 1456 aooedit
1127 1384 1326 1456 consuetudo
1337 1387 1405 1473 Hip·

187 1546 189 1550 .
302 1494 461 1579 poorutis,
491 1493 547 1579 qui
575 1491 710 1578 praebet
736 1489 790 1554 EI
822 1494 880 1557 186
902 1484 1063 1572 γενοίατο.
1091 1489 1153 1553 VA
1176 1493 1215 1556 36
1239 1479 1408 1550 sitiuntur·

302 1591 362 1657 GV
397 1597 448 1656 12:
480 1583 735 1676 διακεκόφαται.
767 1590 858 1654 AAL
888 1598 915 1658 4.
939 1598 969 1657 5.
997 1597 1027 1656 6.
1052 1596 1104 1656 ts:
1137 1583 1272 1663 κέαται,
1308 1597 1408 1652 contra

301 1689 401 1755 multo
423 1691 553 1776 saepius
575 1689 710 1754 alteram
732 1687 971 1754 formationem:
994 1689 1049 1753 EI
1075 1694 1131 1756 161
1153 1679 1337 1752 ἀνίσταντο.
1361 1691 1408 1751 178

302 1783 500 1854 κατέκειντο.
523 1789 617 1853 ΕΠΙ
638 1793 713 1858 218:
741 1779 949 1854 ἀπώλλυντο.
983 1788 1019 1855 O.
1041 1794 1109 1857 187.
1134 1793 1202 1854 189.
1223 1793 1281 1854 431
1309 1778 1409 1850 α’ττόλ-
1493 1815 1495 1886 p

302 1888 426 1965 λανται,
449 1888 541 1954 AAL
563 1894 604 1958 26
625 1881 915 1972 ἐνεοτεφιίνωνται.
951 1887 1013 1953 VA
1034 1893 1074 1955 15
1096 1879 1252 1972 εἴρηνται.
1275 1892 1315 1954 17
1336 1876 1410 1966 βλά-
1495 1895 1496 1968 i

302 1993 683 2068 manumiserimus
707 1982 874 2052 δύνανται.
909 1987 968 2055 OV
989 1993 1008 2054 6
1030 1980 1212 2074 ῥήγνυνται.
1248 1991 1289 2054 18
1312 1976 1419 2074 uoto·
1496 1975 1497 2052 i

303 2087 426 2154 λυνται.
468 2087 656 2154 Herodotus
678 2109 756 2153 vero
777 2096 963 2153 constanter
985 2107 1073 2170 αται,
1096 2107 1156 2150 ατο
1177 2094 1324 2172 usurpat

365 2186 512 2267 Quocum
535 2189 723 2275 conspirant
745 2185 991 2274 iambographi:

363 2283 486 2351 Archil.
512 2293 570 2352 170
591 2288 654 2353 ino.
677 2281 794 2350 κέαται
819 2278 851 2349 δ’
870 2281 905 2350 ἐν
924 2277 1005 2371 ίττῳ.
1034 2284 1137 2372 Hipp.
1158 2293 1198 2350 tr.
1223 2287 1273 2364 61,
1295 2289 1315 2348 1
1337 2301 1414 2345 κεκι-

301 2378 428 2449 νέαται.
450 2383 529 2449 Sim.
554 2392 586 2468 1,
609 2391 649 2452 11
676 2379 859 2470 πιθοίατο,
889 2393 918 2469 7,
945 2393 1003 2454 167
1033 2375 1194 2468 δεχοίατο.
1218 2419 1261 2430 -
1276 2381 1359 2448 -Sim
1380 2385 1414 2448 36

234 2517 237 2522 ·
302 2475 505 2568 κεκλήαται,
531 2484 619 2570 quod
639 2485 780 2551 traditur
800 2489 835 2551 in
854 2485 907 2554 Et.
928 2486 972 2552 M.
995 2491 1065 2566 367,
1086 2489 1140 2552 37ι
1163 2474 1295 2568 ἔπληντ’
1320 2475 1414 2566 otti}

304 2580 394 2668 ληοι·
421 2576 461 2644 ’ἐκ
477 2585 535 2644 τοῦ
557 2580 634 2646 uiui
654 2581 692 2646 τὸ
714 2579 905 2671 κλησιάζω,
923 2578 996 2648 -ὃ
1018 2578 1212 2670 παθητικὰς
1232 2577 1413 2670 κέκλημαι,

303 2675 493 2765 κέκληται,
531 2678 588 2745 καί
617 2679 708 2766 παρὰ
739 2681 909 2772 Σιμωνίδη
943 2676 1194 2771 κεκλήαται,
1231 2682 1288 2748 ubi
1317 2684 1415 2748 forma
1502 2721 1503 2724 =

303 2801 383 2842 αται
403 2789 440 2846 ut
469 2803 568 2868 saepo
595 2781 677 2848 falso
704 2785 800 2850 tertia
821 2806 907 2872 pers.
930 2785 1013 2870 sing.
1034 2782 1182 2849 habetur.
1227 2782 1415 2870 Quanquam

302 2881 488 2946 terminatio
510 2879 572 2945 hoo
590 2879 662 2947 looo
685 2892 773 2948 reote
796 2905 866 2948 sese
886 2881 994 2967 habet,
1016 2891 1126 2948 tamen
1149 2903 1355 2969 summopere
1375 2880 1414 2945 oi·

303 2977 465 3044 sendimus
487 2981 521 3043 in
543 3003 562 3066 η
586 2983 698 3069 stirpis
719 2981 826 3048 vooaii
847 2982 954 3068 longa.
997 2982 1080 3048 Nam
1104 2980 1293 3068 discrepant
1312 3001 1415 3045 reeen-

303 3081 403 3144 tiores
431 3078 526 3144 Iones
556 3101 630 3145 oum
659 3080 802 3148 Homero
830 3083 864 3146 in
893 3104 948 3162 eo,
978 3080 1066 3167 quod
1094 3079 1241 3146 vocalem
1269 3079 1416 3145 thematis

302 3178 435 3264 longam
457 3201 587 3268 semper
608 3181 813 3268 corripiunt}
826 3190 957 3269 praeter
976 3180 1129 3268 exempla
1150 3179 1249 3246 allata
1271 3181 1415 3246 conferas

304 3277 457 3342 Demoor.
477 3299 556 3343 mor.
576 3285 635 3350 188
654 3276 846 3361 μεμνέαται.
891 3280 1044 3347 Ceterum
1067 3279 1236 3346 desudem
1258 3301 1295 3345 re
1316 3301 1417 3366 gram·

304 3377 415 3440 matioi
438 3376 559 3442 diserte
582 3389 696 3464 agunt,
722 3389 759 3445 ut
780 3379 958 3446 Simonidis
987 3379 1094 3446 looum
1122 3379 1284 3465 integrum
1306 3377 1415 3446 haberi

302 3485 458 3540 vetemur.
500 3475 585 3542 Dioo
618 3477 726 3543 Cram.
758 3477 820 3544 An.
853 3479 927 3544 Par.
958 3479 1006 3543 lv
1037 3477 1269 3565 (Etymoiogioi
1300 3477 1416 3544 Graeci

304 3574 516 3656 Parisienses,
537 3575 619 3642 cod.
641 3583 734 3656 1636)
756 3581 806 3644 69.
830 3583 882 3644 70:
905 3572 1170 3642 Κεκινέαται·
1197 3565 1280 3640 Oion
1302 3570 1361 3654 „oi
1382 3568 1416 3638 δέ

304 3838 406 3894 aoristo
428 3839 557 3910 primario
579 3840 661 3894 medii
688 3857 758 3912 quas
775 3841 928 3898 Bredovius
945 3861 973 3916 p.
991 3847 1049 3900 ³30.
1069 3848 1081 3898 1
1102 3843 1241 3913 tuebatur,
1265 3840 1415 3898 cumomni

303 3922 404 3976 rationi
432 3929 633 3995 repugnarent,
661 3924 804 3979 Herodoto
832 3925 1009 3982 abiudicavit.
1029 3957 1062 3967 -
1079 3927 1219 4002 Ceterum
1233 3928 1288 3982 hoo
1305 3927 1416 3998 aliisque

304 4005 371 4059 loois
388 4005 538 4061 formarum
557 4007 671 4080 originis
695 4009 804 4063 ratione
825 4009 923 4065 habita
948 4010 1064 4066 aoristos
1088 4025 1157 4082 quos
1179 4011 1265 4084 uulgo
1282 4014 1413 4066 nostrates

303 4090 421 4161 primum
437 4095 466 4144 et
482 4093 634 4146 seeundum
650 4096 753 4148 vocant
769 4093 962 4150 secundarium
981 4100 1010 4149 et
1025 4093 1186 4166 primarium
1206 4095 1354 4150 nominavi.
