3056 4968
519 407 724 540 „12³4

78 623 260 712 saepissimo
283 623 317 688 lit
339 629 360 688 d
379 632 529 693 tenuatur
551 626 585 692 in
606 651 630 701 a,
651 633 688 690 ut
707 627 742 714 in
762 629 949 705 maesymas,
967 628 1096 704 infestus
1118 647 1178 712 pro

77 724 301 806 *mulsea-tus,
328 725 482 803 *infodias
504 725 609 790 arad.
633 730 709 804 send
736 725 788 804 (of.
811 724 901 793 elem.
924 733 1021 812 etym.
1043 749 1074 794 n.
1096 730 1177 802 311).

133 822 196 890 Sed
217 832 291 888 sunt
313 822 378 890 alia
398 823 574 907 vocabula,
597 845 698 911 eaque
719 823 814 910 longe
835 823 983 912 plurima,
1005 825 1039 890 in
1061 823 1178 912 quibus

75 945 112 988 ne
137 936 163 986 st
189 921 317 1010 quidem
345 925 503 990 intactum
532 922 739 1008 relinquitur,
772 922 918 990 sedant
944 936 955 988 t
980 923 1179 990 assimilatur
1281 1011 1283 1018 y

76 1021 275 1109 praecedenti
297 1021 442 1088 sibilanti
462 1045 492 1088 v.
507 1045 534 1088 c.
557 1023 738 1104 *carad-tuo
753 1023 905 1104 *equester
928 1045 1071 1106 tyresius,
1093 1023 1179 1102 *fod-

71 1127 128 1184 tum
148 1119 298 1200 *fos-'tum
318 1129 447 1199 fossum,
478 1131 535 1188 aut
562 1120 697 1186 sibilans
723 1123 770 1187 ita
791 1119 974 1188 extruditur
1001 1131 1038 1188 ut
1057 1124 1179 1190 oriatur

76 1221 237 1308 productio
258 1220 392 1305 vocalis,
415 1220 503 1288 velut
524 1243 566 1286 ex
587 1221 718 1298 *ead-tu,
742 1224 858 1297 *cussa
883 1229 965 1286 casa.

129 1321 368 1408 Nonnunquam
396 1330 503 1386 autem
531 1319 674 1386 eiusdem
701 1318 852 1384 vocabuli
880 1319 963 1386 duae
993 1331 1180 1388 manserunt

74 1421 199 1504 formae,
214 1420 317 1486 altera
327 1419 570 1504 assimilatione,
583 1420 687 1488 altera
702 1417 861 1486 sibilantis
879 1421 1037 1486 eiectione
1050 1421 1180 1495 effecta;

76 1521 127 1586 sed
149 1521 269 1609 ubique
287 1520 426 1585 formam
447 1519 660 1584 assimilatam
677 1517 825 1584 videmus
839 1520 1054 1604 antiquiorem
1070 1521 1178 1586 luisse.

135 1619 207 1700 Quo
233 1642 274 1684 ex
295 1640 414 1706 genero
435 1617 517 1683 haee
536 1619 635 1684 affero
657 1617 824 1706 exempla:

74 1739 191 1814 (divido)
217 1732 298 1824 perf.
320 1733 465 1795 *divid-si
484 1736 590 1796 divisui
612 1735 703 1798 divisi

224 1855 292 1922 sup.
319 1831 497 1896 *divid-tum
520 1833 686 1897 *dictatum
708 1839 847 1898 divionum
869 1837 995 1897 divisum

320 1931 479 1995 *divid-tio
498 1933 654 1997 *diois-tio
676 1936 832 2011 divissio⁸l
855 1937 962 1996 divisio

110 2036 209 2112 (cado)
226 2051 297 2118 sup.
319 2030 473 2094 *cad-tum
494 2035 644 2113 cassumi)
667 2038 765 2098 cusum

116 2118 192 2210 (cdo)
223 2153 293 2220 sup.
317 2131 448 2198 *cd-tum
470 2144 575 2196 crs-tum
588 2133 627 2207 10)
649 2155 744 2196 casum
760 2139 846 2197 ioum.

132 2239 203 2311 cusu
236 2247 394 2334 originem
427 2245 521 2311 duxit
548 2269 566 2312 e
596 2247 666 2312 rad.
694 2251 756 2311 aaa
781 2271 864 2336 quae
893 2245 1005 2311 eadem
1038 2249 1123 2312 inest
1148 2249 1182 2312 in
1237 2263 1243 2276 ⁴

74 2369 148 2413 voce
171 2353 317 2409 cus-trum
345 2367 490 2432 quaeque
518 2347 592 2433 ipsa
612 2345 779 2413 descendit
811 2370 828 2411 e
850 2347 1007 2433 primaria
1034 2346 1105 2412 rad.
1128 2353 1182 2412 stt

74 2439 171 2524 (σκιά)
195 2445 235 2510 cf.
261 2443 415 2511 Oorsseni
436 2444 541 2533 symb.
564 2446 632 2511 orit.
655 2469 687 2532 p.
711 2451 770 2515 448
794 2469 840 2534 sq.

132 2545 198 2608 osor
227 2567 287 2630 pro
317 2542 419 2610 ‹id-tor
451 2551 555 2623 (vetus
582 2544 717 2609 verbum
747 2550 814 2608 odio
843 2543 929 2633 quod
957 2545 991 2609 in
1020 2543 1182 2610 Prisciani

75 2646 126 2730 qui
147 2643 265 2708 dieitur
287 2642 370 2709 libro
394 2642 433 2708 de
452 2641 638 2710 acuentibus
655 2649 695 2709 44
710 2653 867 2728 enotatur,
889 2643 1022 2709 brevem
1037 2643 1183 2709 vocalem

75 2741 225 2809 habuisse
240 2765 281 2807 ex
294 2735 391 2806 ‹idium
402 2745 533 2822 scimus)
544 2743 683 2808 formam
699 2753 809 2808 autem
823 2743 987 2834 geminata
1004 2748 1182 2820 slossorem)

76 2841 164 2928 upud'
178 2841 331 2906 Plautum
353 2841 459 2908 adhuc
470 2841 561 2909 Asin.
573 2841 613 2926 V,
626 2847 684 2925 2,9
709 2845 780 2920 (859
797 2841 971 2920 Fleckeis.)
993 2843 1183 2929 reperimus.

130 2939 331 3028 Exemplum
351 2942 385 3005 in
407 2965 470 3029 quo
492 2943 633 3029 primum
654 2941 764 3006 littera
785 2947 806 3004 d
826 2941 1020 3006 assimiletur
1037 2941 1183 3030 sequenti

75 3052 92 3120 t,
114 3039 232 3105 deinde
254 3049 427 3105 evanescat
448 3063 521 3106 eum
543 3039 756 3128 productione
778 3040 979 3127 suppletoria
999 3049 1128 3127 praeter
1145 3061 1184 3104 ea
1222 3067 1224 3072 ·

75 3159 154 3223 quae
177 3162 221 3203 ex
241 3137 343 3204 Festi
358 3143 521 3231 excerptis
545 3141 643 3205 citavi
666 3161 879 3206 commemoro

124 3241 245 3317 futtilis
259 3242 340 3326 (pro
362 3237 535 3317 *fud-tilis)
564 3263 624 3327 pro
655 3261 718 3326 qua
740 3239 917 3325 scriptura,
950 3237 1110 3303 Plautinis
1133 3259 1183 3302 oo-

75 3335 197 3403 dicibus
236 3337 426 3416 confirmata
456 3340 507 3418 (cf.
542 3337 747 3404 Fleckeiseni
784 3337 880 3424 epist.
914 3338 983 3402 crit.
1017 3335 1060 3401 ad
1090 3335 1180 3402 Frid.

73 3435 281 3502 Ritschelium
298 3458 329 3522 p.
344 3437 400 3516 Χ.)
414 3439 463 3520 ¹¹),
486 3437 575 3525 apud
596 3461 651 3503 eos
669 3439 844 3525 scriptores
860 3437 915 3524 qui
931 3437 1109 3523 posteriore
1132 3457 1182 3499 ae·

72 3543 135 3600 tate
156 3538 311 3601 vixerunt
331 3535 469 3622 legimus
487 3541 599 3615 sutilis.
643 3536 737 3618 Quae
759 3537 950 3624 ipsaforma
978 3558 1050 3600 cum
1072 3557 1182 3601 secun-

120 3785 145 3854 8)
165 3785 260 3851 Quint.
279 3784 344 3839 inst.
363 3789 431 3839 orat.
448 3783 471 3853 Ι,
490 3789 514 3854 7,
535 3789 575 3842 20.

121 3873 147 3938 9)
164 3869 270 3924 Marius
287 3868 392 3925 Victor.
406 3882 439 3939 p.
459 3873 533 3926 2456.
553 3869 666 3924 Putsoh.

108 3954 148 4022 10)
164 3953 251 4009 Prisc.
270 3953 306 4008 X.
326 3957 357 4008 30
375 3952 427 4006 H.:
454 3953 583 4022 supinum
606 3958 663 4008 tam
680 3954 768 4009 ‘mm'
787 3969 870 4022 quam
890 3953 989 4007 ‘marm'
1015 3968 1081 4006 usus
1099 3952 1184 4022 exigit

74 4037 403 4190 Uttlimitiudltcelitimouia
421 4120 533 4192 collegit
552 4120 680 4176 Klotzius
698 4120 810 4178 Terent.
829 4119 979 4192 Andriap.
999 4122 1054 4176 125.
1076 4093 1078 4097 Ι
