3088 4966
854 433 916 496 2l8

779 515 988 527 -—=———-=—--··

330 611 417 694 quod
437 613 507 676 eius
529 611 696 696 proprium
719 636 789 677 esse
804 611 931 692 debeat,
954 611 1047 676 idad
1063 609 1166 674 solam
1186 611 1282 674 metti
1296 633 1443 674 normam

327 730 485 774 revocans
515 710 634 797 ubique
664 714 697 776 in
727 723 841 799 poetae
871 712 1051 776 orationem
1081 710 1230 793 quamvis
1264 707 1443 794 simplicem

329 809 490 874 interdum
513 813 681 898 omnisque
703 812 873 897 gravitatis
898 817 1065 896 expertem
1087 809 1193 874 infert.

412 908 568 974 Similiter
582 909 708 974 instum
730 910 861 976 modum
882 919 1105 994 transgressus
1127 929 1199 972 esse
1220 907 1445 972 videtur-Din-
1531 957 1532 960 ι

331 1007 451 1072 dorlius
484 1009 519 1072 in
547 1008 702 1074 brevibus
732 1007 1241 1094 praepositionum-formis,
1277 998 1326 1068 riv
1356 1029 1446 1091 prae·

332 1109 442 1171 sertim
465 1117 496 1170 et
516 1100 590 1169 κάν
613 1117 645 1172 et
666 1103 760 1188 πάρ,
785 1107 1005 1192 disponendis,
1032 1107 1115 1172 Nam
1140 1106 1225 1194 quod
1248 1115 1446 1190 anapaestos

331 1207 377 1268 ita
398 1207 502 1269 vitare
526 1207 632 1271 studet
662 1208 695 1270 in
718 1208 872 1271 trimetris
894 1207 1058 1289 iambicis,
1093 1217 1180 1272 recte
1201 1207 1288 1290 agit,
1322 1206 1447 1290 opinor,

331 1307 453 1392 quippe
478 1329 562 1392 quae
580 1305 636 1370 lex
664 1308 698 1369 in
720 1329 776 1370 eos
796 1328 912 1369 versus
943 1305 998 1370 ubi
1020 1305 1178 1370 eiusmodi
1206 1305 1395 1389 composita
1420 1305 1448 1366 in

330 1403 423 1468 libris
445 1404 568 1470 tradita
589 1415 663 1470 sunt
683 1405 766 1470 bene
788 1404 939 1492 quadret:
1531 1461 1532 1492 p

371 1503 466 1568 Eum.
490 1509 563 1572 768:
583 1504 655 1578 τοῖς
675 1496 767 1585 τάμὰ
788 1497 1066 1585 παρβαίνουσι
1088 1505 1146 1565 νῦν
1167 1495 1363 1583 ὁρκώματα.

371 1601 435 1688 Ag.
456 1607 531 1669 305:
555 1597 725 1683 πέμπουσι
749 1595 780 1666 δ’
806 1593 1052 1678 ἀνδαίοντες
1072 1593 1219 1686 ἀφθόνῳ
1240 1597 1351 1682 μένει.

372 1701 436 1786 Ag.
462 1707 556 1767 1599:
578 1693 722 1785 ᾤμωξεν,
748 1693 952 1783 ἀμπίπτει
976 1693 1008 1764 δ’
1033 1693 1103 1764 ἀπὸ
1127 1703 1257 1787 σφαγῆς
1278 1696 1383 1782 ἐμῶν.

303 1855 309 1867 .
374 1799 492 1864 Trach.
515 1805 589 1869 335:
613 1793 713 1865 αὐτοῦ
735 1822 771 1884 γε
792 1804 924 1884 πρῶτον
943 1797 1044 1882 βαιὸν
1062 1791 1084 1862 ἆ
1092 1821 1117 1880 μ
1125 1793 1298 1880 μείνατ’,
1326 1797 1431 1879 ὅπως.
1531 1819 1532 1862 ι

346 1951 350 1956 .
417 1900 508 1965 Idem
530 1901 618 1965 valet
639 1901 680 1966 de
700 1911 888 1967 tetrametro
910 1900 1076 1966 trochaico
1095 1901 1187 1966 Pers.
1212 1907 1281 1968 163.

415 1998 480 2064 Sed
508 1999 691 2066 tribrachos
721 2023 849 2088 quoque
878 2000 964 2086 quod
993 2021 1161 2064 removere
1190 2009 1331 2065 conatur
1361 2002 1448 2064 resti·

332 2097 461 2162 tuendis
483 2099 596 2164 formis
613 2100 835 2182 brevioribus,
856 2101 953 2164 nimis
976 2101 1081 2164 saevit
1100 2101 1135 2164 in
1157 2099 1307 2164 codicum
1330 2123 1448 2166 memo
1531 2175 1532 2182 ρ

332 2199 415 2262 riam
437 2198 493 2283 qut
515 2197 566 2262 bis
586 2199 810 2265 tantummodo
824 2200 858 2262 in
874 2199 1033 2264 eiusmodi
1049 2199 1239 2266 condicione
1261 2205 1448 2285 apocopam

332 2295 518 2360 ostendunt:
1375 2349 1378 2356 ⁴

373 2395 464 2462 Pers.
487 2403 561 2464 807:
585 2385 624 2460 οὗ
641 2401 725 2483 σφίν
743 2399 855 2460 κακῶν
875 2388 999 2480 ὕψιστ’
1024 2391 1265 2477 ἐπαμμένει
1284 2398 1427 2462 παθεῖν.
1531 2411 1532 2448 t

374 2493 432 2566 Oh.
444 2503 518 2564 8412
538 2491 645 2580 μόρον
657 2489 688 2558 δ’
703 2488 927 2579 Ὀρέσταν·καὶ
938 2487 1011 2560 τόδ’
1029 2486 1236 2581 ἀμφέρειν
1251 2491 1449 2580 δόμοιςςῑΗ)

331 2594 365 2656 in
387 2593 438 2656 his
460 2603 569 2664 autem
591 2596 741 2662 versibus
756 2597 838 2662 bene
860 2596 1044 2684 explicatur
1065 2597 1171 2660 rarior
1191 2599 1446 2683 praepositionis
1531 2633 1532 2658 1

331 2693 436 2757 t'orma
459 2715 625 2758 asumma
645 2695 702 2759 illa
722 2697 884 2781 gravitate
905 2718 988 2783 quae
1009 2696 1094 2759 inest
1113 2696 1148 2758 in
1169 2694 1266 2758 Darii
1288 2696 1444 2760 vaticinio

333 2790 533 2877 etrAegisthi
555 2793 704 2860 simulato
727 2795 847 2860 dolore.

416 2889 564 2958 Ceterum
587 2893 649 2958 hoo
669 2894 892 2979 adiungimus,
913 2895 947 2957 in
968 2893 1094 2958 duobus
1115 2892 1285 2958 vocabulis
1306 2895 1387 2959 inde
1408 2893 1445 2958 ab
1531 2937 1532 2944 ι

240 2992 243 2998 ’
331 2989 467 3064 Homeri
488 3001 594 3056 aetate
617 3015 797 3080 apocopam
817 2993 993 3078 legitimam
1015 2991 1130 3058 fuisse:
1157 2993 1191 3057 in
1214 2994 1446 3056 κατθανεῖν
1531 3049 1532 3056 ,

228 3158 230 3161 .
331 3098 363 3152 et
385 3082 605 3178 ancillare
627 3084 787 3178 (ἀπολῇ),
819 3091 936 3180 quibus
962 3093 996 3155 in
1017 3091 1129 3156 verbis
1157 3091 1288 3156 brevior
1310 3114 1444 3178 praepo·
1531 3117 1532 3124 ¹

332 3188 456 3252 sitionis
481 3189 587 3254 forma
614 3193 662 3256 ita
684 3215 755 3256 oum
782 3194 855 3278 ipsa
878 3193 979 3278 stirpe
1001 3190 1120 3256 coaluit
1147 3200 1183 3254 ut
1202 3213 1307 3278 paene
1332 3213 1398 3255 una
1418 3199 1444 3252 et

332 3286 470 3372 simplex
492 3311 558 3352 vox
580 3292 743 3355 exstitisse
765 3290 940 3356 videretur.
981 3289 1019 3354 In
1043 3291 1219 3354 canticis
1247 3313 1328 3354 vero
1353 3292 1442 3356 etiam
1531 3287 1532 3344 Ϊ

334 3397 463 3469 μνααῖαι
487 3387 666 3474 composita
688 3391 952 3476 praepositionis·
966 3411 1118 3476 apocopa
1139 3389 1192 3471 fit3
1221 3387 1325 3454 habes
1350 3391 1442 3474 igitur

373 3474 555 3563 ἀμμένει
585 3486 635 3551 ΕΙ.
664 3491 750 3554 1397.
782 3489 837 3554 Tr.
861 3495 930 3557 528.
958 3494 1027 3556 ete.
1072 3482 1309 3580 ἐπαμμένει
1340 3489 1440 3552 Prom.

331 3588 400 3649 eos.
424 3581 491 3648 oo
518 3587 668 3664 mere)
1017 3611 1029 3620 ·‡

371 3672 659 3763 ἀμμεμίξεται
681 3685 771 3752 Pers.
796 3694 885 3756 1052.

338 3839 539 3848 ήκω-

382 3921 441 3998 144)
468 3931 538 3987 Phil.
561 3936 624 3988 883:
650 3935 868 4006 νᾶμπνέοντ’.·
896 3933 1041 3990 ἀνώδυνον
1070 3939 1211 4003 βλέποντα
1234 3929 1439 4005 κᾶμπνέονν’
1531 3923 1532 4008 l

330 4012 371 4065 ἔτι
389 4030 446 4066 non
459 4019 500 4068 est
522 4019 568 4069 καὶ
589 4015 768 4074 ἀναπνέοννα
781 4022 813 4086 ut
824 4017 975 4072 arbitratur
983 4019 1148 4087 Ellendtius,
1158 4019 1207 4072 sed
1219 4022 1265 4072 καὶ
1276 4019 1435 4091 ἐμπνέοντι.
1531 4009 1532 4050 l

383 4095 441 4165 145)
459 4099 505 4154 Sic
523 4099 698 4154 Hermannus
716 4100 825 4170 scripsit
842 4119 893 4171 pro
914 4103 1057 4178 ἐπφένει,Ι
