3034 4964
609 449 646 514 31

76 644 115 699 ει,
137 623 194 690 sed
215 623 396 712 deinoepsr)
419 629 479 702 239
494 618 643 714 παρέσσῃ
660 626 695 711 (l.
738 626 852 694 Addas
873 618 990 713 ἐπίστῃ
1005 625 1017 711 ll
1045 633 1122 696 1085
1145 649 1187 694 ex

74 724 295 808 coniugatione
316 725 350 789 in
370 746 419 806 μι.

133 821 199 888 Sed
220 832 339 908 tamen,
361 837 517 914 quantum
546 824 695 914 equidem
718 825 813 892 video
841 848 883 890 ex
904 825 1078 914 exemplis,
1105 849 1188 916 quae

72 920 148 986 mihi
170 923 383 1012 inpromptu
405 935 494 1010 sunt,
525 927 603 990 satis
625 923 752 1008 multis,
781 924 943 990 Homerus
964 946 1016 990 εαι
1034 927 1187 992 termina·

71 1021 200 1104 tionem,
215 1021 273 1088 nbi
294 1046 407 1090 versus
430 1048 528 1092 unam
550 1021 711 1112 syllabam
732 1023 862 1112 longam
886 1024 1037 1112 postulat,
1060 1048 1187 1112 semper

70 1142 128 1205 per
149 1122 317 1207 syninesin
337 1125 470 1210 profert,
495 1125 717 1190 contractione
739 1146 803 1188 non
824 1145 901 1188 nans
922 1125 986 1188 nisi
1008 1124 1116 1189 vooali
1138 1148 1186 1190 se·

69 1229 195 1302 quante.
239 1221 363 1306 Itaque,
386 1245 460 1288 eum
481 1225 539 1289 vix
565 1223 673 1288 Dores
707 1222 905 1308 antiquiores
932 1223 966 1286 in
995 1223 1046 1288 his
1074 1217 1203 1290 formis
1295 1263 1297 1270 >

71 1321 291 1384 contractione
305 1323 355 1386 usi
379 1323 452 1407 sint,
467 1324 594 1388 incuria
615 1321 822 1387 librariorum
836 1320 1003 1386 mutilatae
1025 1321 1185 1388 videntur.

128 1435 447 1524 lambographorum
469 1462 552 1528 quae
571 1438 634 1504 huo
649 1439 811 1526 pertinent
828 1435 979 1524 exempla
997 1437 1091 1504 nobis
1111 1461 1184 1526 sup-

67 1534 232 1622 peditant:
254 1535 354 1604 Aroh.
377 1547 449 1604 tetr.
472 1547 521 1622 75,
544 1545 577 1606 2:
596 1531 755 1620 χαρίζεαι.
779 1542 861 1619 79,2
882 1529 1032 1626 τέρψεαι.
1063 1560 1112 1626 ep.
1136 1544 1185 1621 94,

65 1641 84 1699 4
108 1627 258 1719 φαίνεαι.
278 1635 340 1701 An.
354 1646 395 1704 tr.
414 1644 472 1720 1,3
495 1629 634 1725 ἀφίξεαι
643 1637 666 1706 ΙΙ.
683 1675 725 1684 -
745 1636 845 1722 Aroh.
864 1644 936 1702 tetr.
959 1642 1008 1716 66,
1024 1643 1057 1704 4:
1080 1627 1185 1720 ‹tydl-

64 1727 131 1800 λεο.
155 1740 206 1818 66,
230 1743 248 1802 5
269 1728 400 1820 ὀδύρεο.
425 1729 882 1824 67:6ady1mdmperfesat

126 1833 183 1898 Ex
205 1835 253 1899 eis
275 1844 383 1900 antem
405 1859 487 1924 qnae
509 1837 673 1926 leguntur:
701 1835 800 1902 Aroh.
823 1857 871 1922 ep.
897 1841 969 1901 101:
996 1831 1127 1910 ιιολλδις
1148 1829 1184 1897 δὲ

62 1929 193 2022 τυφλὰς
223 1927 375 2015 ἐγχέλυας
397 1930 497 2015 ἐδέξω
514 1935 526 2024 (l
550 1936 718 2002 lenissima
749 1933 973 2000 emendatione
1004 1935 1185 1998 trimetrum

62 2031 281 2098 acataleetum
309 2034 438 2102 efficere
465 2046 559 2121 potes
579 2037 767 2100 restituens=
791 2029 908 2112 ἐδέξαο
925 2032 960 2117 ΙΙ.

129 2155 162 2227 3)
189 2148 353 2236 Antiquae
380 2151 610 2220 infinitivorum
635 2153 735 2216 activi
761 2151 1007 2218 terminationes
1028 2153 1185 2228 (ε-)μεναι

65 2259 97 2314 et
120 2248 251 2318 abiecto
273 2271 325 2312 ut:
346 2256 475 2330 (ε-)μεν,
500 2273 581 2336 quas
602 2251 763 2318 Homerus
786 2258 916 2336 praeter
938 2247 1091 2334 vulgares
1115 2271 1184 2314 sae·

63 2350 205 2435 pissime
237 2352 392 2436 usurpat,
425 2349 467 2414 ab
498 2349 647 2436 elegiacis
679 2351 822 2416 nondum
854 2349 1001 2414 desertae
1031 2358 1121 2430 sunt,
1150 2347 1185 2412 id

61 2447 155 2536 quod
176 2447 291 2534 patefit
303 2471 352 2514 ‚ex
373 2449 424 2516 his
444 2449 540 2516 loeis:

125 2547 277 2632 Theogn.
301 2555 378 2618 806:
402 2543 650 2634 φυλασσέμεναι
665 2548 859 2631 (Turnebus,
874 2547 950 2614 libri
972 2539 1185 2632 φυλασσόμε-

60 2654 132 2726 νον)
156 2652 219 2714 924
236 2641 362 2728 ἐχέμεν.
384 2653 444 2716 939
467 2647 605 2727 (Mimn.)
627 2639 781 2728 δειδέμεν
802 2643 1057 2728 (Schneidewin,
1086 2646 1183 2733 vulgo

60 2737 212 2832 ᾆδέμεν).
248 2753 325 2814 1009
348 2745 484 2825 (Mimn.)
512 2740 687 2828 πασχέμεν.
709 2783 752 2794 -—
777 2747 876 2814 Areh.
904 2746 941 2812 el.
965 2753 999 2828 5,
1021 2754 1041 2812 4
1071 2739 1185 2830 νήφειν

59 2842 95 2910 ἐν
126 2841 265 2932 φυλακῇ
293 2843 372 2933 τῇδε
404 2839 619 2931 δυνησόμεθα
650 2845 789 2914 sortasse
823 2855 911 2911 reete
942 2844 1104 2930 Bergkius
1137 2847 1184 2910 sio

59 2943 264 3029 corrigenda
279 2947 500 3022 esseeonieit:
524 2941 706 3031 νηφέμεναι
722 2944 872 3032 φυλακῆς
893 2941 990 3029 τῆσδε
1012 2943 1183 3014 (Athenaei

58 3046 120 3111 VL
147 3039 195 3120 ἐν,
218 3043 305 3109 ΑΒΡ
325 3039 397 3124 μέν,
420 3043 510 3109 PVL
534 3041 667 3132 φυλακῇ
688 3043 777 3132 τῇδε,
801 3045 830 3108 Β
852 3040 1001 3130 φυλακῆς
1022 3041 1120 3126 τῇδε).
1142 3079 1183 3090 -
1281 3035 1284 3040 ’

57 3146 163 3212 Phoc.
193 3150 245 3212 13:
272 3166 333 3234 pro
357 3137 529 3207 διδάσκειν
554 3154 609 3208 aut
631 3139 831 3224 διδασκέμεν
852 3142 899 3220 (id
922 3140 1008 3230 quod
1030 3141 1109 3206 mihi
1131 3165 1184 3206 ve-

58 3243 234 3312 risimilius
267 3241 410 3319 videtur)
441 3252 497 3306 aut
530 3237 768 3326 διδασκέμεναι
800 3239 1006 3308 scribendum
1034 3251 1084 3306 est
1104 3241 1182 3317 (vid.

57 3343 190 3430 Bergk.
217 3349 295 3422 not.)
317 3379 356 3390 —
391 3341 457 3407 Sol.
479 3348 534 3425 22,
572 3351 585 3409 1
621 3335 794 3422 εἰπέμεναι
826 3340 980 3406 exhibent
1011 3339 1109 3405 schol.
1141 3340 1183 3404 ad

56 3443 213 3509 Platonis
234 3441 318 3507 Tim.
342 3451 374 3506 et
392 3440 527 3506 Proolns
546 3443 581 3506 in
596 3441 679 3508 Tim.
722 3443 834 3529 Neque
855 3462 933 3505 vero
957 3437 1097 3504 debebat
1116 3437 1182 3502 Ah-

56 3545 194 3610 rensius
215 3543 411 3628 scripturam
434 3540 619 3606 Aristotelis
640 3541 771 3608 Rhetor.
798 3533 905 3604 εἰπεῖν
925 3559 987 3620 μοι
1007 3539 1181 3624 genuinam
1231 3613 1236 3621 ¹

57 3643 190 3709 habere
211 3641 347 3718 (confert
367 3634 400 3707 Ξ
418 3647 476 3708 501
501 3649 533 3704 et
553 3639 712 3707 Herodot.
734 3647 763 3724 8,
785 3645 834 3722 68,
862 3644 907 3723 l);
931 3662 1007 3703 nam
1028 3639 1184 3702 Aristote-

57 3743 124 3808 lem
151 3761 196 3806 ex
217 3742 374 3805 memoria
401 3741 520 3805 citasse
546 3739 692 3804 indicare
721 3751 859 3826 possunt
882 3731 1003 3822 Κριτίᾳ
1024 3736 1129 3801 forma
1151 3745 1183 3801 et

56 3843 160 3906 varia
191 3841 353 3928 scriptura
375 3834 575 3924 πυῤῥόυριχι.
620 3839 771 3905 Ceterum
791 3838 877 3902 idem
899 3839 950 3902 vir
977 3835 1090 3900 doetus
1112 3835 1181 3899 infi-

57 3943 186 4006 nitivos
202 3960 313 4006 omnes
329 3942 457 4026 spurios
472 3961 543 4004 esse
558 3939 723 4006 existimat
740 3941 774 4016 4).
817 3937 925 4018 Quam
943 3937 976 4001 in
990 3935 1182 4002 sententiam

130 4125 158 4190 4)
177 4122 242 4176 Aet.
261 4121 393 4194 philolog.
411 4140 438 4192 p.
458 4126 499 4176 57.
519 4125 569 4188 58ΙΙ
