3148 4958
872 441 912 506 te

326 611 419 686 ‘o'.“
459 619 551 684 Idem
577 618 696 684 factam
718 621 824 685 estin
845 625 986 692 Icaridos
1007 621 1042 696 (i.
1064 642 1090 683 e.
1112 615 1289 705 Penelope)
1314 621 1376 686 Ov.
1401 621 1449 687 Ib.

330 725 399 801 389,
421 719 464 784 ab
484 711 650 800 Ἰνάρω-ς
671 721 851 805 primitivo,
879 729 912 783 et
932 722 966 784 in
988 720 1160 806 adjectivis
1181 721 1351 782 Parrhasis
1369 719 1401 796 (i
1424 743 1449 782 a

197 881 205 892 ,
331 818 488 899 Callisto),
511 841 533 881 α
553 812 732 901 Παῤῥαυία
754 818 844 900 urbs,
867 817 929 884 Ov.
952 829 1025 883 met.
1049 824 1078 900 2,
1101 823 1162 885 teo
1184 827 1216 882 et
1236 818 1270 880 in
1285 817 1451 881 Καπετω-

334 911 428 994 λίδυς
442 909 546 1002 atter
559 916 659 981 Anth.
678 917 740 1000 lX,
757 923 836 999 6511,
849 925 883 982 11
903 940 923 981 a
939 919 1118 998 Capitolium
1134 917 1310 1004 primitivo.
1333 914 1453 982 Utrum

330 1040 407 1082 vero
436 1019 471 1082 in
503 1017 554 1081 his
580 1015 770 1103 adjectivis:
797 1009 1022 1097 Ἀχερουσίδος
1044 1007 1146 1101 ίίκρης
1165 1015 1230 1102 Ap.
1252 1015 1314 1082 Rh.
1335 1019 1359 1097 β
1380 1023 1450 1100 730,

328 1120 361 1182 in
386 1109 604 1196 Ῥαμιιισιιι
629 1115 710 1182 oon.
739 1115 770 1181 1.
792 1117 889 1180 oran.
912 1121 988 1198 111,
1012 1108 1180 1200 Κρηνίδας
1201 1109 1296 1202 otta
1316 1117 1388 1186 Nic.
1411 1118 1451 1183 at.

329 1221 389 1281 teo
414 1215 527 1282 eadem
551 1215 740 1301 synaeresis
768 1215 975 1300 agnoscenda
997 1215 1054 1293 sit,
1085 1235 1127 1278 an
1157 1235 1196 1279 ea
1222 1225 1313 1280 recta
1333 1218 1390 1281 via
1407 1239 1449 1281 ex

326 1307 490 1398 Ἀχερυντ
519 1307 704 1394 (Ραμυαυντ
737 1316 829 1398 Κρητ
844 1317 865 1392 ¹)
898 1315 1049 1379 thematis
1084 1333 1103 1375 τ
1134 1323 1267 1400 propter
1303 1338 1331 1398 ι,
1363 1316 1450 1402 quod

332 1416 487 1502 sequitur,
508 1416 542 1478 in
564 1433 585 1478 σ
611 1422 733 1479 mutato
756 1412 945 1500 prodierint,
967 1413 1026 1477 vix
1047 1411 1222 1500 dijudicari
1243 1421 1359 1501 potest

410 1517 440 1596 ξ.
463 1519 514 1578 51.
557 1513 613 1578 Ex
633 1515 674 1578 iis
702 1513 871 1595 thematis,
895 1513 1034 1600 quaein
1056 1532 1110 1574 αιο
1132 1520 1165 1576 et
1183 1533 1236 1578 ero
1258 1527 1315 1579 aut
1336 1536 1398 1578 αια
1418 1523 1451 1579 et

330 1635 383 1676 εια
404 1611 566 1690 desinant,
587 1612 751 1700 adjectiva
780 1635 844 1678 non
871 1612 993 1676 tamin
1015 1609 1094 1674 αιαδ
1116 1619 1148 1676 et
1174 1611 1265 1695 ειαδ,
1293 1635 1390 1700 qnam
1416 1616 1451 1678 in

329 1711 403 1776 αιιδ
422 1711 456 1777 'et
476 1710 543 1775 eud
566 1711 770 1794 derivantur,
804 1733 886 1798 quae
908 1712 1032 1776 formae
1054 1710 1155 1776 altero
1179 1735 1193 1774 ι
1214 1712 1294 1778 eliso
1317 1715 1448 1800 saepius

328 1814 362 1876 in
389 1809 448 1877 αϊδ
475 1822 507 1876 et
528 1811 617 1898 apud
639 1803 752 1898 p'oetas
774 1812 967 1897 posterioris
988 1814 1104 1876 aetatis
1132 1813 1168 1876 in
1188 1808 1246 1897 ηιδ
1266 1821 1448 1879 vertuntur.

327 1913 378 1976 lta
406 1912 547 1976 formata
578 1921 667 1974 sunt:
700 1902 864 1987 Ἀχαιίδες
889 1909 943 1987 (ab
965 1903 1092 1988 Ἀχαιο
1120 1909 1274 1990 themate)
1300 1910 1396 1976 Hom.
1418 1913 1448 1974 B

220 2023 221 2026 ’
329 2015 406 2085 135ς
424 2004 534 2088 χώραν
554 2007 611 2094 τὴν
622 2003 817 2073 Πλαταιίδα
833 2009 934 2076 Thuo.
956 2016 986 2092 3,
1003 2017 1042 2079 58
1065 2011 1267 2088 (αΠλαταια
1282 2009 1447 2105 themate),

330 2102 495 2172 Κυταιίδα
518 2105 637 2174 πτόλιν
648 2110 710 2198 Ap.
724 2111 784 2176 Rh.
806 2113 829 2192 β
850 2117 927 2193 401,
951 2131 964 2172 ι
986 2109 1089 2174 altero
1111 2111 1214 2197 ejecto
1237 2110 1259 2172 ἄ
1281 2111 1316 2175 in
1336 2115 1358 2171 ᾶ
1378 2133 1447 2175 mn-

328 2220 433 2276 tatum
450 2220 499 2274 est
519 2211 555 2274 in
577 2208 684 2296 φυλῆς
704 2205 939 2290 Πτολεμαίδος
961 2208 1044 2275 Call.
1066 2212 1169 2296 epigr.
1201 2217 1254 2293 11,
1276 2213 1312 2291 33
1333 2211 1369 2275 in
1393 2207 1448 2295 ηιδ

329 2311 462 2375 transiit
492 2307 563 2372 αιιδ
591 2311 625 2374 in
646 2310 712 2375 his:
740 2302 937 2392 Λιλυβηίδα
967 2301 1070 2392 ίίκρην
1097 2309 1160 2396 Ap.
1182 2309 1242 2374 Rh.
1274 2306 1295 2372 d
1322 2315 1385 2376 917
1412 2314 1447 2388 (a

327 2407 545 2490 Λιλυβαιαν),
568 2403 687 2491 πέτραι
698 2401 907 2492 Λιλυβηίδες
928 2408 1032 2478 Noun
1047 2415 1076 2491 2,
1092 2413 1162 2491 397,
1185 2399 1335 2492 Κυτηίδα
1349 2407 1448 2491 γαῖαν

329 2507 431 2594 Orph.
453 2529 522 2592 arg.
546 2515 622 2590 824,
655 2514 749 2584 1009;
776 2518 809 2573 et
835 2499 903 2571 ειίδ
940 2509 974 2572 in
1003 2505 1061 2593 ηιδ
1088 2510 1219 2574 transiit
1247 2509 1282 2572 in
1299 2501 1447 2594 Ῥοιτηί-

149 2647 156 2662 .
285 2661 291 2666 .
330 2607 388 2682 δας
409 2598 510 2692 ἀκτῆς
530 2607 570 2688 Q.
594 2607 660 2674 Sm.
684 2614 718 2690 5,
746 2613 808 2676 656
836 2618 868 2671 et
896 2619 1080 2674 constanter
1102 2607 1191 2695 apud
1210 2607 1390 2690 Romanos,
1412 2616 1447 2671 ut

328 2711 458 2772 Peneide
480 2706 540 2772 Ov.
563 2717 636 2772 met.
664 2713 689 2788 1,
712 2713 772 2773 472
791 2705 891 2793 (quod
912 2709 1080 2795 proprium
1103 2708 1365 2794 patronymicum
1385 2710 1446 2789 ost)

331 2817 362 2870 et
382 2811 528 2873 Peneidas
550 2813 649 2869 undas
671 2805 734 2872 Ov.
756 2815 829 2870 met
855 2813 882 2888 1,
906 2813 984 2881 5443
1012 2817 1109 2894 atque
1130 2805 1245 2872 eodem
1266 2805 1362 2871 modo
1382 2805 1446 2870 for·
1563 2823 1564 2837 ¹

330 2916 453 2972 matum
481 2916 530 2971 est
557 2929 577 2972 a
599 2906 744 2992 Vergilio
765 2910 873 2972 Aeaeis
900 2906 942 2971 ab
964 2899 1089 2970 Aineia
1116 2907 1266 2972 themate.
1289 2903 1446 2984 —Quae

330 3006 454 3071 formae
483 3017 520 3072 ut
562 2999 773 3070 Πλαται-ίδα
796 3009 866 3072 sine
898 3007 998 3072 dubio
1029 3009 1077 3072 ita
1103 3004 1328 3072 dissolvendae
1360 3011 1445 3086 sunt,

330 3117 366 3171 ut
388 3103 524 3170 Πλαται
544 3129 606 3194 pro
619 3106 765 3172 themate
786 3109 945 3194 primitivi
957 3105 1142 3172 habendum
1157 3107 1199 3170 sit
1212 3103 1325 3170 ultima
1337 3101 1446 3169 vocali

330 3205 477 3291 abjecta,
505 3214 601 3292 atque
631 3203 666 3269 ιδ
694 3205 822 3293 syllaba
843 3206 957 3272 eodem
978 3205 1074 3271 modo
1103 3215 1199 3291 atque
1219 3205 1254 3270 in
1273 3199 1446 3285 Δαρδανιδ

297 3351 302 3360 -
330 3316 362 3370 et
383 3304 617 3370 derivationem
645 3315 677 3371 et
704 3327 806 3392 genus
835 3305 1024 3370 femininum
1057 3305 1185 3372 indicet
1225 3305 1265 3370 In
1291 3304 1337 3372 eis
1365 3323 1443 3367 vero

328 3405 441 3469 formis
469 3414 505 3470 111
531 3399 720 3490 Λιλυβηίδα
757 3417 789 3470 et
820 3398 991 3490 Ῥοιτηίδα
1033 3401 1135 3469 altero
1163 3427 1177 3466 ι
1205 3405 1307 3492 ejecto
1334 3424 1356 3466 α
1390 3399 1444 3466 vel

330 3525 345 3564 ε
377 3503 591 3590 productione
626 3504 828 3592 suppletoria
856 3506 891 3570 in
918 3526 941 3589 η
966 3505 1106 3570 transiit.
1145 3503 1222 3570 Jam
1256 3525 1334 3569 vero
1364 3522 1442 3588 quc-

329 3603 425 3669 modo
445 3601 570 3670 sortitae
588 3613 625 3668 ut
646 3605 791 3689 Μινυηίς
812 3613 844 3669 et
864 3601 1027 3689 Φυλακηίς
1048 3603 1155 3670 sactae
1169 3605 1243 3686 sint,
1261 3600 1443 3690 apparebit
1561 3599 1562 3606 '

398 3855 423 3922 1)
443 3849 500 3912 Otr.
519 3853 614 3926 Steph.
632 3829 732 3925 Byrs'.
751 3868 777 3908 v.
793 3849 903 3924 Κρήτης
921 3851 1083 3926 ,,Κρητήιος
1101 3851 1233 3921 κτητινόν
1252 3852 1299 3906 καὶ
1320 3849 1443 3918 θηλυκὸν

331 3936 474 4011 Κρητηιιίς
490 3941 537 3993 καλ
554 3938 713 4009 Κρηταιεδς
724 3933 907 4008 καλΚρήσιος
925 3937 983 3992 ἀπὸ
994 3940 1043 3991 τοῦ
1056 3935 1141 4006 Κρής,
1155 3938 1202 3988 καὶ
1214 3934 1342 4006 Κρησιδς
1359 3936 1444 4002 ento
1560 3931 1561 3960 l

330 4024 382 4079 κδν
399 4024 447 4076 καὶ
467 4029 580 4095 Κρησία
594 4024 642 4076 καὶ
658 4019 794 4093 Κρήσιον·
813 4023 859 4074 ναὶ
876 4021 934 4076 ἀπὸ
952 4028 1001 4090 τῆς
1018 4022 1130 4090 Κρητὸς
1146 4025 1256 4090 γενικῆς
1272 4025 1379 4089 Κρητις
1396 4019 1445 4092 acl

277 4115 279 4121 '
331 4111 422 4181 τροπῇ
441 4111 490 4160 τοῦ
509 4127 525 4162 τ
546 4110 587 4171 εἰς
605 4125 623 4160 σ
640 4106 774 4178 Κρῆσις.“
