3056 4968
876 423 934 488 176

411 599 484 666 Huc
506 601 655 687 proxime
673 600 798 666 accedit
812 603 954 683 tertium,
974 601 1061 686 quod
1080 603 1301 688 supraposui,
1323 601 1450 666 verbum

349 703 522 782 iumentum,
555 699 643 786 quod
670 721 690 764 a
717 700 788 765 rad.
814 702 864 780 sua
890 703 1048 785 (iungere)
1080 700 1281 766 descendens
1312 702 1451 787 profecto

350 798 424 862 olim
446 799 507 862 fuit
526 798 733 878 *inpotentem

340 922 343 930 ’
412 897 512 962 Porro
533 899 567 963 in
588 920 668 962 voce
694 903 795 982 dmor,
826 903 941 964 umidos
970 921 1042 964 cum
1072 898 1249 964 descendat
1277 899 1390 964 arad.
1410 922 1452 978 up,

348 997 450 1060 itaut
471 995 616 1080 *symon
644 997 807 1078 *aporiatus
833 999 956 1063 formae
979 1000 1070 1083 prius
1093 999 1313 1063 conformatae
1335 1001 1414 1080 sint,
1435 1025 1453 1078 9
1516 989 1517 1000 ¹

349 1096 510 1160 interiisse
533 1093 572 1161 G.
596 1095 725 1162 Curtius
753 1098 787 1160 in
809 1096 899 1164 elem.
921 1107 1017 1183 etym.
1040 1121 1072 1184 p.
1097 1085 1153 1165 170
1175 1099 1376 1184 comparatis
1400 1097 1452 1160 lin·

349 1217 486 1279 guarum
502 1205 712 1280 oognatarum
727 1195 846 1278 verbis,
862 1218 944 1283 quae
962 1206 993 1261 et
1004 1198 1136 1261 notione
1151 1209 1182 1261 et
1197 1196 1393 1262 formatione
1407 1219 1453 1260 ac·

349 1294 553 1362 curatissime
574 1293 817 1380 responderent,
841 1297 919 1359 satis
934 1295 1113 1363 luculenter
1131 1296 1377 1360 demonstravit.

410 1392 463 1458 Ad
485 1391 541 1458 illa
562 1391 737 1475 vocabula,
769 1415 851 1480 quae
874 1395 983 1458 omnia
1002 1395 1131 1479 longam
1159 1394 1307 1460 vocalem
1329 1393 1455 1475 habent,

351 1491 498 1576 quamvis
520 1483 811 1558 radicum'voealis
834 1494 877 1560 sit
896 1493 1016 1576 brevis,
1038 1492 1256 1560 adiiciendum
1280 1503 1330 1558 est

411 1594 557 1668 stimulus,
578 1589 633 1654 ubi
653 1615 673 1670 9
694 1593 740 1656 ita
763 1593 877 1674 iteriit,
899 1600 934 1656 ut
955 1592 1078 1658 nullum
1100 1593 1169 1656 eius
1190 1595 1388 1656 remanserit
1408 1614 1456 1654 ve

351 1689 491 1773 stigium.
534 1689 729 1756 Derivatum
751 1693 835 1756 enim
865 1700 913 1755 est
942 1714 983 1756 ex
1009 1691 1079 1758 rad.
1100 1697 1158 1773 stip
1180 1685 1342 1773 (στίζειν),
1376 1690 1454 1756 unde

350 1790 446 1852 etiam
470 1792 560 1852 stilus
582 1794 654 1876 (pro
676 1789 828 1876 *stiglus)
850 1789 1025 1858 descendit.

411 1886 550 1954 Mirifice
580 1887 623 1954 ab
652 1890 699 1954 eis
729 1888 840 1954 verbis
873 1888 913 1952 de
945 1888 1061 1976 quibus
1092 1889 1189 1958 modo
1220 1890 1455 1975 disputavimus

349 1985 502 2056 abhorret
515 1992 651 2069 florano,
683 1987 771 2074 quod
793 1990 853 2052 etsi
875 1989 1010 2054 eandem
1031 1988 1130 2054 habet
1158 2011 1233 2052 cum
1256 1987 1455 2052 substantivo

346 2091 455 2164 stamen
473 2088 606 2174 stirpem
624 2083 709 2172 φλεγ
724 2086 899 2172 (flagrare),
915 2097 1103 2154 nontamen
1121 2091 1203 2152 sieut
1214 2094 1329 2166 flumen
1342 2086 1455 2173 produ·

298 2243 300 2247 Α
350 2187 489 2251 ctionem
503 2184 643 2250 ostendit
664 2184 906 2271 suppletoriam,
929 2185 986 2250 sed
1009 2186 1241 2252 assimilatione
1263 2188 1389 2252 factum
1404 2195 1455 2250 est

853 2438 882 2518 ξ.
906 2441 956 2504 32.

417 2583 536 2645 Canta
558 2592 569 2642 t
591 2579 743 2645 excidere
763 2585 909 2667 potuisse
931 2605 1004 2647 oum
1026 2581 1102 2646 olim
1124 2582 1307 2648 Corssenus
1329 2585 1456 2646 omnino

349 2681 549 2764 negavisset,
572 2680 635 2744 duo
658 2689 745 2744 certe
762 2690 895 2746 exstare
916 2683 984 2746 eius
1006 2683 1054 2746 rei
1075 2681 1226 2766 exempla
1246 2690 1364 2766 postea
1387 2703 1457 2744 oon·

280 2806 285 2818 ·
350 2781 465 2842 cessit:
513 2783 631 2841 Vitoria
667 2779 754 2866 quod
794 2781 828 2844 in
865 2779 994 2866 speculo
1032 2780 1171 2844 Etrusco
1209 2779 1364 2844 scribitur
1399 2801 1456 2866 pro

356 2882 490 2942 Victoria
512 2888 544 2942 et
567 2892 657 2940 autor
678 2879 841 2965 scriptura
861 2901 927 2944 non
947 2880 1054 2944 minus
1072 2878 1211 2966 probata
1232 2901 1331 2965 quam
1344 2891 1457 2942 auctor.

348 2976 455 3061 Atque
476 2977 627 3064 exempla
648 3000 723 3054 nos,
753 2977 839 3062 quod
859 2977 940 3042 haec
965 2977 1142 3064 disputatio
1162 2977 1318 3064 postulet,
1347 2977 1456 3044 adiun-

349 3078 455 3161 gimus
476 3076 558 3142 haee
576 3076 692 3140 verba:
733 3131 736 3140 .

412 3179 517 3240 Setius.
541 3175 633 3255 Quae
648 3175 691 3240 ad
713 3176 907 3261 scripturam
923 3185 1072 3261 spectant
1093 3173 1306 3248 aRitsohelio
1322 3173 1454 3262 (proleg.

350 3298 382 3360 p.
403 3274 539 3340 LXXV.
561 3273 789 3356 COOXXIV),
821 3275 987 3360 Wagnero
1016 3275 1173 3359 (orthogr.
1193 3273 1293 3359 Verg.
1322 3297 1355 3358 p.
1376 3279 1453 3352 472),

350 3375 562 3440 Fleckeiseno
577 3380 671 3452 (mus.
686 3373 787 3438 Rhen.
804 3397 833 3438 n.
849 3397 874 3440 s.
888 3375 968 3439 VIII
985 3370 1090 3460 [1852]
1116 3394 1146 3458 p.
1162 3377 1222 3438 222
1235 3379 1307 3459 sq.),
1328 3372 1453 3438 Klotzio

351 3475 406 3550 (ad
428 3475 572 3538 Terentii
593 3472 753 3536 Andriam
784 3496 814 3558 p.
841 3477 910 3551 108)
938 3473 1083 3538 exhibita
1111 3480 1198 3553 sunt,
1232 3471 1351 3556 quibus
1378 3471 1454 3534 haec

351 3571 636 3640 commemoranda
656 3570 847 3654 habeantur,
874 3577 964 3636 redas
986 3574 1181 3657 scripturam
1203 3578 1236 3634 et
1256 3572 1291 3634 in
1312 3580 1380 3634 tam
1401 3592 1453 3632 an·

350 3674 449 3760 tiquis
478 3671 694 3738 monumentis
720 3673 860 3756 reperiri
889 3693 985 3756 quam
1014 3681 1088 3736 sunt
1121 3669 1176 3734 lex
1203 3669 1452 3754 repetundarum

351 3771 739 3852 (0.1.Lat.1n.198,70)
762 3778 793 3833 et
815 3769 973 3836 sententia
994 3771 1034 3834 de
1055 3768 1175 3834 tinibus
1196 3771 1280 3832 inter
1293 3767 1451 3832 Genuates

351 3883 383 3934 et
405 3871 550 3935 Viturios
573 3865 727 3954 regundis
750 3866 782 3942 (l.
796 3868 815 3933 l.
831 3892 861 3934 n.
888 3875 956 3942 199.
978 3875 1029 3947 26)
1051 3871 1135 3932 etin
1158 3858 1378 3953 compluribus
1399 3865 1450 3928 bo·

350 3993 463 4034 norum
484 3969 592 4033 Plauti
621 3989 720 4034 manu
748 3970 942 4054 scriptorum
966 3969 1062 4050 locis,
1092 3976 1161 4030 tum
1188 3966 1309 4053 ubique
1336 3967 1369 4028 in
1389 3961 1450 4024 Mc-

352 4067 459 4150 dieeo,
488 4066 624 4152 Vergssii
646 4065 775 4150 codice,
809 4067 946 4154 denique
972 4067 1060 4152 apud
1081 4065 1212 4150 Lucret.
1233 4064 1294 4146 VI,
1309 4069 1389 4144 315,
1410 4057 1449 4124 ad
