3008 4968
503 448 707 544 -.ΑΕ-

67 607 207 704 ἇειφνγίη
225 605 276 686 bis
299 619 470 710 inAmph.
498 628 578 694 2008
607 623 716 708 obvia,
744 625 897 710 quoniam
926 621 1038 688 titulus
1065 621 1164 688 multo

67 719 242 785 recentioris
264 723 420 808 temporis
437 733 493 790 est.
506 725 528 802 ²)
572 725 695 790 Contra
714 726 748 788 in
769 724 987 788 vetustissimo
1002 721 1077 788 Hal.
1090 722 1109 786 l.
1125 728 1164 788 37

68 817 209 902 scriptum
240 829 302 886 est:
332 813 467 908 φεύγειν
500 815 590 911 alisi]
609 823 701 908 -ll,
732 831 829 906 atque
859 822 893 886 in
924 821 1056 887 Jasensi
1085 825 1165 887 2672

67 913 232 982 Alexandri
259 918 373 1006 Magni
404 919 530 992 demum
552 932 698 1010 ternpore
727 929 863 986 exarato
890 919 910 988 l.
936 929 973 990 10
1001 929 1166 986 servatum

68 1023 108 1076 est
126 1006 198 1098 ciel,
221 1039 405 1106 quanquam
420 1019 573 1106 pleraque
590 1021 734 1108 vulgaris
750 1019 881 1086 dialecti
898 1027 980 1086 sunt.
1025 1018 1164 1084 Omnino

68 1111 178 1198 plenior
198 1116 326 1202 syllaba
342 1119 524 1204 antiquiore
545 1130 690 1208 tempore
705 1121 848 1186 omnium
865 1117 1076 1184 dialectorum
1091 1137 1164 1204 pro·

52 1211 127 1306 ,pria
145 1214 242 1280 fuisse
269 1217 414 1302 videtur,
441 1219 638 1284 nemetiam
667 1221 702 1284 in
728 1219 945 1286 vetustissimo
976 1215 1069 1282 titulo
1094 1217 1164 1284 Ori-

67 1334 129 1376 saeo
150 1305 243 1378 atrei
257 1315 384 1402 legitur,
407 1319 441 1383 in
468 1319 680 1406 inscriptione
701 1319 828 1400 Attice,
852 1341 935 1406 quae
957 1339 1041 1382 anno
1063 1323 1166 1384 409-

68 1415 117 1477 408
134 1413 184 1478 vel
206 1414 314 1501 paullo
338 1426 412 1503 post
440 1417 602 1506 insculpta
623 1427 688 1501 est,
720 1417 739 1486 l.
771 1423 808 1486 13
827 1413 885 1481 τὸν
915 1408 982 1480 αἰεὶ
1009 1411 1166 1498 βασιλεύ-

67 1514 196 1591 σανναθ).
789 1573 791 1580 .

135 1603 281 1689 alsede:
302 1613 423 1682 Archil.
447 1616 539 1704 epod.
563 1622 613 1700 86,
635 1623 668 1684 2:
691 1607 822 1692 καίετός

135 1719 341 1810 ἀγαίομαι
362 1730 522 1798 Arch.,tr.
540 1739 589 1815 25,
602 1725 749 1816 2,καίω
771 1731 916 1818 Theogn.
931 1723 1164 1814 1145,κλαι’ω
1226 1717 1253 1740 ”

68 1825 198 1912 Theogn.
222 1833 293 1897 931.
321 1837 407 1897 1041.
434 1836 513 1899 1132
534 1831 671 1911 (Mimn.)
694 1842 753 1896 etc.
771 1830 870 1896 Aroh.
896 1829 925 1894 el
952 1836 996 1911 13,
1014 1836 1041 1896 1.
1062 1838 1103 1895 tr.
1115 1835 1165 1911 20,

66 1925 223 2009 inquibus
246 1927 288 1993 ab
310 1929 436 2014 origine
457 1931 466 2016 j
491 1940 571 1996 erat.
592 1923 677 1994 καίω
699 1952 741 1996 ne
763 1929 804 1995 ab
826 1929 944 1995 Atticis
957 1927 1087 2014 quidem
1108 1927 1165 1992 ali·

66 2045 146 2088 enum
168 2033 225 2092 est.
266 2027 417 2114 Apparet
437 2038 546 2094 autem
577 2053 642 2095 non
669 2039 756 2094 recte
788 2029 963 2094 coniecisse
982 2026 1164 2112 Bergkium

64 2124 90 2186 in
107 2124 221 2190 iambis
235 2125 362 2191 Solonis
385 2134 434 2209 37,
458 2134 492 2195 3:
515 2118 617 2203 adduc
639 2117 699 2192 d'dl
720 2128 808 2190 τοῖσι
830 2121 1019 2208 cenaeque
1041 2123 1164 2209 δρᾶσαι

66 2219 132 2296 (soil.
160 2218 308 2311 ἥνδανεν)
337 2225 394 2291 ubi
421 2227 520 2312 vulgo
547 2228 667 2314 legitur
696 2237 884 2315 corruptum
912 2219 1056 2309 ἆτέροις,
1091 2247 1165 2292 cum

67 2314 168 2404 ἕναρος
182 2325 294 2412 epicos
316 2324 412 2392 modo
434 2325 565 2392 dialecti
587 2328 721 2413 proprie
743 2329 793 2392 sit.

136 2446 166 2518 2)
186 2439 316 2506 Deinde
342 2443 505 2531 antiquius
528 2464 574 2518 ει,
606 2442 693 2531 quod
719 2443 895 2530 respondet
916 2463 932 2506 s
953 2440 1061 2506 vocali
1083 2450 1164 2506 eete-

66 2561 162 2604 rarum
185 2539 408 2624 dialecrorum,
431 2541 472 2606 ab
488 2542 619 2608 Ionibus
639 2543 793 2608 inmultis
813 2541 981 2609 vocabulis
1002 2550 1166 2606 servatum

67 2648 112 2720 est,
134 2663 153 2704 a
175 2639 409 2706 recentioribus
440 2649 549 2706 tamen
580 2651 706 2708 tantum
735 2651 809 2708 ante
837 2640 1007 2727 liquidam,
1035 2663 1119 2724 quae
1147 2661 1168 2704 a

67 2736 182 2803 Lesbiis
204 2738 393 2827 plerumque
422 2743 582 2826 geminari
613 2740 694 2806 solet
722 2763 737 2806 ε
764 2741 871 2808 vocali
901 2763 967 2808 uon
995 2739 1166 2829 producta

67 2833 127 2902 llus
148 2847 311 2924 spectant:

133 2935 267 3002 εἵνεκα
290 2937 368 3005 Sim.
395 2946 430 3023 7,
463 2945 529 3008 118.
574 2940 719 3027 Theogn.
748 2947 797 3008 46.
829 2944 887 3006 730
908 2947 966 3005 etc.
1010 2935 1167 3004 conteras

66 3032 244 3102 lesbiorum
265 3029 384 3104 ἔννεκα.

134 3128 320 3220 sipontino
342 3137 488 3225 Theogn.
510 3143 579 3205 519.

134 3233 283 3312 ξεῖνος,
316 3236 372 3302 ubi
400 3259 430 3300 ει
461 3261 503 3302 ex
530 3259 671 3304 consone
701 3240 805 3304 eiecta
832 3245 944 3303 natum
972 3260 1043 3304 esse
1073 3235 1168 3302 docet

67 3327 227 3421 Eeveeqqg
247 3335 282 3400 in
303 3337 516 3424 inscriptione
540 3336 754 3424 Corcyrensi‚
783 3331 920 3404 Edchnv
949 3339 984 3402 in
1004 3358 1083 3404 vase
1105 3335 1166 3401 Co·

67 3431 183 3515 rinthio,
213 3431 394 3518 πρόξενΡος
421 3439 455 3501 in
481 3437 678 3502 Menecratis
706 3437 853 3524 sepulcro
867 3439 891 3516 ⁴)
922 3447 953 3500 et
974 3435 1166 3500 Lesbiorum

7 3729 8 3736 1
122 3702 145 3768 2)
161 3698 277 3755 fortasse
294 3703 389 3754 temen
406 3707 537 3756 accentus
556 3702 586 3755 in
600 3700 656 3756 fine
667 3702 774 3772 positus
787 3701 987 3772 correptionem
997 3698 1168 3769 postulabat.

123 3785 148 3850 3)
164 3785 206 3840 ed.
225 3784 259 3840 U.
279 3783 401 3839 Koehler
418 3785 448 3839 in
470 3785 556 3840 diario
581 3785 677 3840 inseri:
701 3786 826 3854 Hermes,
848 3784 978 3838 Zeitsehr.
1003 3783 1064 3838 fuer
1088 3783 1167 3838 class.

69 3859 152 3918 Philol.
169 3866 204 3936 ll,
224 3870 235 3922 1
256 3870 345 3935 (1867)
363 3868 415 3924 Νο.
435 3872 459 3926 6.
495 3869 600 3924 Eodem
617 3871 698 3924 modo
716 3869 814 3939 Poppo
834 3867 938 3937 proleg.
962 3884 989 3936 p.
1014 3871 1061 3922 211
1083 3872 1166 3922 testa·

70 3949 106 3998 171
121 3947 287 4020 Thucydidis
309 3952 417 4007 codices
435 3968 518 4023 saepe
528 3954 601 4008 hanc
618 3953 734 4008 formam
752 3953 894 4023 praebere.

124 4035 147 4101 4)
164 4033 196 4090 u
214 4033 375 4108 Bergmenn
394 4034 522 4108 „oriem
540 4031 706 4095 Insehriften
723 4053 778 4093 von
795 4035 943 4110 Korkyra“
962 4050 1027 4110 psg.
1040 4039 1087 4092 136
1105 4052 1164 4108 sqq.

69 4109 91 4164 in
105 4113 191 4175 Herm.
209 4117 243 4191 Π,
264 4125 285 4178 1.
