3070 4962
622 423 700 521 1¹53.

107 633 239 704 τουτέου.
282 639 384 726 Hipp.
406 649 446 704 tr.
463 644 510 723 18,
523 647 569 724 3:
588 631 753 723 τοάτέρου,
774 641 808 705 in
818 640 959 704 Tzetnuc
973 639 1038 705 Vit.
1062 646 1080 706 2
1102 641 1212 727 glossa

107 732 279 822 ,,ἰωνικῶς“
302 740 447 826 ascripta
468 750 525 807 est.
547 749 587 806 tr.
610 745 659 818 37,
681 745 717 808 3:
743 733 978 826 Ταργηλίοιοιν
998 739 1099 826 (apud
1112 739 1211 806 Athe-

107 861 214 904 neeum
234 838 294 902 VL
317 832 554 925 γαργηλῖοιοιν,
575 840 602 904 Ρ
626 833 769 923 γαρμ’λ.,
792 839 832 905 Α.
846 837 997 920 θαργηλ,
1019 839 1047 902 Β
1067 841 1211 921 θαργελι.)

106 939 201 1004 Auen.
223 947 298 1003 tetr.
322 945 349 1016 5,
362 945 395 1007 6:
422 929 512 1022 αὖτ’,
536 934 614 1003 ὅταν
636 939 809 1014 (Athenaei
831 929 953 1004 Ααύτὸ
966 929 1027 1013 ἔτ’,
1052 929 1133 1002 αὐτὸ
1155 931 1208 1002 ἔθ’

107 1039 204 1116 PVL).
244 1037 332 1104 Addi
364 1047 470 1124 potest
491 1039 591 1126 Hipp.
617 1038 732 1116 89*¹):
765 1033 841 1100 κατ’
872 1033 989 1119 ὕπνον,
1022 1059 1098 1102 nem
1124 1037 1210 1104 Ploti

107 1137 201 1203 codex
220 1137 334 1204 hebet:
362 1138 641 1206 ΚΑΤΠΠΝΟΝ,
664 1177 706 1186 -

179 1235 359 1324 bolegiis,
381 1239 568 1327 ceteroquin
595 1238 680 1304 hene
702 1239 791 1306 ledis
821 1237 1012 1302 recentioris
1041 1243 1210 1302 consuetu·

107 1337 203 1402 dinem
237 1359 303 1403 non
334 1337 565 1424 adoptentibus
596 1337 648 1415 (cf.
676 1337 773 1404 Arch.
798 1344 850 1421 13,
879 1341 912 1404 2:
946 1328 1096 1420 ἐφέπων,
1120 1342 1153 1412 5,
1175 1342 1210 1402 2:

105 1429 229 1522 άφελκε,
253 1436 369 1504 Cellin.
386 1446 411 1515 1,
426 1444 465 1506 3:
487 1431 672 1520 μεθιέντες,
683 1437 795 1504 Mimn.
812 1445 841 1519 9,
854 1443 889 1504 2:
913 1427 1123 1522 ἀφικόμεθα,
1145 1435 1210 1500 Xe·

104 1534 235 1622 nophen.
260 1543 286 1618 1,
313 1544 364 1604 17:
386 1528 444 1615 οὐχ
467 1532 563 1621 ὕβρις
584 1543 673 1619 ete),
702 1537 788 1624 quod
807 1533 1021 1602 Archilochus
1052 1533 1137 1599 dixit
1159 1529 1211 1612 ἒξ-

103 1637 188 1710 αῦτις
207 1641 235 1714 9,
260 1642 327 1702 9et
347 1643 376 1718 6,
400 1645 419 1704 4
440 1636 509 1712 (ubi
528 1635 627 1722 vulgo
648 1659 712 1702 non
728 1647 816 1702 recte
840 1637 876 1714 θ)
900 1657 961 1722 pro
985 1629 1132 1716 ἐξαῦθις,
1146 1655 1212 1700 non

102 1735 276 1800 mirandum
298 1745 356 1818 est,
379 1757 453 1801 cum
476 1735 590 1801 eedem
611 1736 716 1802 forme
743 1737 778 1800 in
804 1736 963 1800 veteriore
984 1733 1062 1800 Iade
1091 1734 1212 1800 usitate

101 1835 148 1899 sit.
188 1834 285 1900 Solon
306 1844 345 1900 tr.
369 1842 417 1918 37,
441 1841 459 1902 3
482 1845 513 1900 et
531 1833 570 1902 el.
595 1837 642 1917 13,
664 1840 704 1901 22
724 1835 854 1900 videtur
875 1833 1019 1900 Atticam
1042 1843 1210 1902 consuetu-

101 1933 201 2022 dinem
222 1936 315 2022 sequi
334 1923 437 2010 αὖθις
458 1933 579 2017 dicens,
605 1934 770 2020 Theognis
792 1934 959 2017 Doricam,
992 1955 1068 1999 num
1090 1931 1210 2022 ubique

102 2037 391 2119 praestantissimus
414 2034 518 2100 codex
547 2033 579 2098 A
599 2022 703 2108 αὖθις
724 2033 869 2098 exhibet:
889 2057 954 2098 ves.
971 2038 1040 2100 202.
1058 2039 1127 2100 357.
1140 2038 1209 2101 863.

101 2142 162 2203 958.
186 2141 265 2204 1250
286 2139 376 2222 (mp.)

176 2233 237 2298 His
257 2232 360 2298 multe
384 2233 609 2315 adversantur,
632 2255 674 2298 ex
696 2232 813 2322 quibus
835 2253 908 2296 mee
929 2229 1059 2316 quidem
1084 2239 1208 2296 senten-

106 2336 144 2398 tie
165 2355 235 2398 cum
258 2333 401 2422 quedem
422 2331 656 2419 probabilitate
684 2341 809 2397 tentum
838 2331 960 2416 corrigi
988 2329 1079 2396 licet:
1109 2329 1210 2396 Arch.

103 2443 134 2497 tr.
156 2440 234 2516 11,3
254 2426 421 2516 ἐφίμερος.
433 2433 527 2520 epod.
547 2437 642 2515 93,2:
666 2423 790 2518 τήτέρῃ,
813 2431 1005 2518 praesertim
1027 2430 1209 2496 cumetiem

102 2534 238 2599 Phoenix
260 2532 480 2620 Colophonius
503 2542 601 2620 potito
623 2531 724 2598 multo
746 2532 1008 2612 recentiores,
1032 2535 1069 2594 5:
1095 2527 1210 2606 (delec-

103 2644 144 2696 tus
167 2631 470 2710 Schneidewiniani)
490 2623 609 2717 τήτέρῃ
631 2626 789 2715 onirocrit
813 2632 901 2696 dicet
924 2639 955 2696 et
974 2627 1126 2694 Herodes
1151 2630 1209 2694 mi·

103 2731 221 2798 niemb.
244 2721 274 2814 5,
298 2737 332 2800 3:
354 2723 510 2812 τοῦτέρον
532 2729 636 2818 (apud
647 2729 736 2798 Stob.
749 2730 846 2817 vulgo
868 2731 926 2794 τοῦ
947 2721 1082 2810 ἑτέρον).
1105 2729 1209 2795 Porro

103 2830 189 2897 Arch.
212 2828 308 2918 epod.
333 2836 409 2898 113:
435 2825 617 2918 Θαργήλια,
641 2829 718 2896 Sim.
745 2839 777 2913 1,
797 2836 831 2899 3:
854 2823 1015 2915 ἐφήμεροι
1037 2829 1211 2904 (coniciunt

106 2923 153 2992 ἐπ’
174 2926 318 3018 ἡμέρην).

176 3031 302 3114 Oetere,
324 3029 442 3096 veluti:
465 3030 543 3096 Sim.
566 3036 594 3108 9,
615 3035 651 3096 2:
674 3021 841 3112 ἀφείλετο,
864 3028 984 3116 Hipp.;
1006 3035 1080 3094 tetr.
1102 3033 1152 3111 83,
1176 3032 1208 3092 2:

105 3121 174 3209 κούχ
194 3124 384 3214 ἁμαρτάνω,
409 3130 486 3210 Sim.
510 3138 539 3213 7,
565 3137 635 3198 107:
658 3121 828 3210 δεχοίατο;
850 3126 947 3192 Arch.
972 3126 1066 3214 epod.
1089 3131 1139 3208 87,
1161 3127 1209 3194 *3

104 3223 247 3316 κάθημαι
268 3229 373 3296 Anao.
396 3239 436 3295 tr.
460 3237 492 3314 1,
516 3238 550 3299 3:
578 3221 758 3314 καθ’ὶερόν
781 3237 839 3293 etc.
871 3235 1045 3292 attrectare
1065 3248 1130 3292 non
1155 3248 1210 3290 eu-

104 3327 165 3396 deo.
205 3331 291 3396 Nem
324 3331 463 3416 primum
497 3353 538 3394 ne
559 3329 643 3394 tituli
676 3329 825 3417 quidem,
854 3336 891 3396 ut
919 3336 1047 3392 taceam
1069 3324 1109 3390 de
1131 3326 1208 3390 scri-

103 3429 238 3513 ptoribus
271 3426 470 3511 minoribus,
502 3429 566 3495 sibi
593 3429 627 3492 in
655 3428 717 3493 hac
745 3449 781 3492 re
809 3436 973 3493 constent:
1006 3425 1144 3512 legimus
1175 3426 1210 3490 in

104 3530 213 3615 optimo
234 3529 402 3594 Halicarn.
420 3528 440 3592 l.
460 3534 511 3597 18:
527 3520 593 3591 ἅττ’
619 3515 670 3605 οὗ,
690 3536 736 3597 19;
750 3534 789 3594 43
808 3521 965 3609 κατάπερ,
983 3535 1016 3590 et
1032 3533 1084 3592 4οτ
1106 3518 1210 3588 κάθο-

104 3625 163 3713 δον,
186 3637 234 3699 19:
254 3623 433 3719 [κά]θοοος
453 3623 503 3706 (τὸ
524 3619 606 3704 άθος
626 3627 752 3693 mavult
766 3626 886 3712 Bergk.
909 3625 952 3690 ad
972 3625 1114 3711 Hippon.
1129 3631 1208 3707 109),

105 3728 131 3791 in
152 3728 214 3816 sig.
235 3737 269 3798 8:
289 3721 564 3810 τοῦρμοκράτεος,
587 3729 621 3792 in
649 3727 730 3792 Te‘r'o
753 3733 842 3795 3041.
866 3724 897 3789 Α
920 3731 979 3792 31:
1006 3718 1208 3810 καθημένου,
1239 3731 1243 3739 ’

107 3831 147 3893 10.
167 3834 218 3896 21:
252 3825 399 3910 δέχοιτο,
432 3829 465 3892 in
489 3827 608 3916 Amph.
641 3833 740 3910 2008,
766 3832 817 3893 19:
851 3819 1032 3909 οέχ[η]ται,
1068 3823 1102 3886 in
1122 3823 1207 3910 Myc.

108 3963 300 3976 ’ᾕ-ᾲ-

166 4045 189 4110 1)
206 4043 354 4116 Bcrgkium
372 4051 483 4100 secutus
502 4045 679 4116 fragmentis,
707 4063 780 4117 ques
797 4045 941 4115 potiturum
959 4043 1070 4099 nomine
1088 4058 1145 4098 non
1162 4041 1208 4096 ed·

107 4121 156 4178 dito
172 4128 322 4199 heduntm,
340 4130 499 4186 asteriscum
517 4129 639 4201 appinxi.
1123 4123 1124 4132 ’
