3088 4966
107 633 142 701 τὸ
169 633 235 720 πρὸ
266 639 325 700 τοῦ
354 638 432 699 ναοῦ
461 627 631 720 ἲδρῦσθαι.
684 619 812 722 Ταύτην
845 631 881 698 δὲ
902 624 1083 716 Ἡρόδοτος
1115 631 1149 701 ἐν
1174 638 1215 725 τῇ

107 730 135 820 η’
155 730 314 824 προνηίην
335 728 548 817 ὄνομάζει.“)
589 733 725 802 Addunt
752 735 887 800 alteram
917 733 1060 822 glossam
1079 732 1214 802 Photius

107 845 136 901 et
158 835 290 901 Suidas:
321 828 466 914 πρόνοια
485 825 645 921 Ἀθηνᾶ·
674 827 706 898 οἳ
731 829 792 918 μὲν
820 829 874 898 διὰ
901 831 939 900 τὸ
962 831 1029 917 πρὸ
1051 835 1111 910 τοῦ
1133 836 1214 898 ναοῦ

106 929 141 997 ἓν
151 932 298 1019 Δελφοῖς
313 927 445 998 ἑστάναι
460 923 574 1021 αὐτὴν·
598 926 630 996 oi
653 925 686 996 d'
711 927 763 997 ὅτι
778 925 993 1020 προύνόησεν,
1018 929 1111 1010 ὅπως
1121 927 1214 997 τέκοι

106 1027 258 1120 ἡΛητώ.
300 1031 371 1098 Iam
391 1035 543 1122 quoniam
564 1031 651 1122 apud
674 1053 783 1098 omnes
805 1031 872 1097 fere
896 1035 1071 1122 scriptores
1085 1031 1212 1100 Atticos

106 1131 164 1198 dea
190 1133 357 1222 appellata
384 1155 455 1198 esse
477 1132 606 1197 videtur
627 1125 787 1214 πρόνοια,
821 1131 960 1220 Delphis
992 1137 1100 1197 autem
1128 1153 1213 1214 προ-

105 1226 199 1295 ναλαν
219 1233 281 1299 οοΙί
303 1232 430 1298 solitam
453 1253 524 1296 esse
543 1228 795 1296 luculentissime
818 1239 956 1318 apparet
978 1253 996 1296 e
1018 1229 1144 1296 duabus
1166 1233 1212 1296 in-

105 1333 334 1420 scriptionibus
350 1331 391 1395 ab
408 1327 547 1395 Ernesto
560 1321 673 1416 Curtio
689 1331 723 1394 in
740 1328 851 1396 anecd.
864 1329 982 1418 Delph.
1005 1353 1035 1418 p.
1050 1335 1097 1396 77.
1119 1337 1150 1394 et
1162 1335 1210 1399 78.
1332 1364 1335 1376 ·

104 1429 213 1515 editis,
244 1433 278 1495 in
309 1430 425 1519 quibus
456 1427 574 1516 legitur
600 1429 1209 1504 ΤΑΙΑΘΑΝΑΙΤΑΙΠΡΟΝΑΙΑΙ,

103 1529 170 1596 iure
191 1529 384 1614 Dindorfius
407 1526 621 1594 Athenienses
649 1527 787 1592 coniecit
817 1527 1016 1614 singularem
1044 1527 1124 1593 deae
1145 1529 1212 1592 vim

103 1637 133 1692 et
163 1651 276 1694 curam
305 1627 369 1692 sibi
395 1625 552 1712 fingentes
580 1619 742 1708 πρόνοιαν
767 1627 808 1692 in'
822 1650 899 1692 suae
927 1627 1057 1713 linguae
1080 1649 1212 1692 consue·

102 1727 246 1792 tudinem
273 1725 452 1792 induxisse.
494 1723 676 1812 Aeschylus
705 1749 782 1790 vero
811 1749 891 1808 non,
921 1735 955 1790 ut
983 1735 1145 1810 oratores,
1177 1723 1212 1790 id

103 1827 185 1911 agit,
218 1835 254 1890 ut
279 1825 405 1912 volgari
428 1823 651 1889 consuetudini
680 1847 751 1890 eam
773 1846 886 1889 vocem
906 1823 1022 1889 reddat
1043 1848 1139 1914 quam
1159 1848 1211 1889 ao·

104 1924 443 2007 commodatissimam,
466 1921 523 1988 sed
544 1945 655 1987 verum
677 1933 712 1988 ut
735 1921 879 2010 appellet
901 1931 932 1986 et
947 1925 1115 2010 proprium
1131 1921 1212 1986 deae

103 2043 238 2106 nomen3
260 2021 337 2088 huic
357 2025 457 2109 igitur
479 2019 725 2108 relinquendum
746 2019 900 2103 προναλα.

621 2221 650 2302 ε.
674 2223 702 2284 ι.

390 2335 503 2430 λαόςζ
529 2343 623 2428 ναός
642 2346 778 2436 [robob
802 2347 927 2426 ἵλαος.

182 2503 341 2568 Venimus
364 2501 512 2566 adalind
532 2499 708 2566 verborum
726 2523 827 2586 genus
843 2499 929 2588 quod
946 2521 1016 2566 oum
1033 2501 1213 2566 certissimo

103 2602 224 2667 nitatur
245 2623 451 2666 numerorum
479 2601 698 2683 firmamento,
733 2599 833 2683 mulus
858 2601 965 2665 minus
995 2601 1058 2664 arti
1080 2599 1212 2664 criticae

103 2701 255 2765 exhibeat
271 2700 485 2767 difficultatis:
506 2693 597 2778 λαός,
622 2693 710 2777 ναός,
732 2697 836 2774 ἵλαος.
866 2687 1000 2764 Habere
1017 2699 1076 2763 has
1090 2691 1212 2764 forma‘s

103 2801 300 2888 antiquiores
322 2799 521 2887 aliquantum
543 2809 679 2887 propter
698 2801 805 2886 ipsam
826 2807 1019 2864 vetustatem
1041 2799 1213 2884 gravitatis

103 2909 133 2963 et
156 2899 357 2986 splendoris,
388 2921 454 2961 non
475 2897 578 2962 solum
600 2921 642 2962 ex
663 2897 895 2984 Aristophanis
923 2921 984 2962 usu
1006 2897 1212 2984 perspicitur,

96 3000 157 3086 ¹qui
188 3022 209 3063 a
237 2997 372 3061 vocibus
400 2997 571 3062 cotidianis
599 2990 695 3073 νεώς,
726 2992 809 3072 λεώς
841 3005 894 3063 ott.
920 3019 986 3061 non
1007 2993 1130 3060 recedit
1150 2995 1213 3058 nisi

104 3099 214 3162 autin
237 3097 372 3161 canticis
396 3097 530 3183 spiritus
552 3105 583 3160 et
603 3096 862 3182 magnificentiae
890 3095 994 3182 plenis
1017 3096 1128 3159 autin
1151 3093 1212 3159 sol-

102 3194 262 3260 lemnibus
285 3193 479 3283 quibusdam
492 3199 494 3206 ’
509 3205 540 3260 et
562 3193 604 3259 ad
626 3195 786 3281 tragicam
807 3197 1009 3260 maiestatem
1029 3193 1137 3260 iocose
1160 3205 1212 3258 ao·-

104 3294 293 3360 cedentibus
324 3294 485 3360 formulis:
515 3293 576 3382 Eq.
602 3301 674 3362 163:
704 3291 763 3370 τὰς
783 3289 894 3373 στίχας
921 3287 1000 3379 ὁρᾷς
1029 3289 1089 3368 τὰς
1108 3289 1212 3354 τῶνδε

103 3396 167 3456 τῶν
195 3391 378 3474 tarsun)
399 3393 482 3460 Ran.
505 3399 565 3461 219
589 3399 710 3473 (cant.):
739 3395 841 3476 χωρεῖ
867 3385 941 3456 κατ’
973 3387 1053 3473 ἐμὸν
1078 3386 1213 3472 τέμενος
1306 3375 1326 3408 ”

103 3488 210 3556 λαῶν
231 3483 329 3571 ὄχλος
344 3498 404 3561 676
421 3497 487 3570 (o.):
508 3489 566 3558 τὸν
579 3489 687 3556 πολὺν
700 3484 853 3580 ὀψομένη
872 3490 980 3556 λαῶν
998 3483 1107 3570 Ιὄχλον.
1128 3491 1211 3558 Nub.

70 3595 77 3612 '
103 3595 161 3659 306
183 3598 235 3671 (c.)
258 3587 349 3655 ναοὶ
372 3583 403 3654 δ’
428 3585 605 3677 ὑψερεφεῖς
624 3587 682 3655 καὶ
703 3583 937 3675 operueram)
979 3591 1039 3658 Th.
1060 3595 1137 3660 1148
1159 3597 1212 3670 (o.)

103 3760 310 3772 ——.-—-—-

152 3857 196 3924 rs)
214 3855 237 3924 1,
255 3860 296 3912 or.
330 3855 407 3925 vm,
424 3859 465 3910 ει.
483 3859 525 3911 oo.

151 3943 195 4005 46)
212 3938 254 3994 uf.
274 3939 307 3995 Π.
327 3945 361 3995 Δ.
380 3943 426 3995 9οι
444 3943 577 4012 κρατεραὶ
593 3945 688 4012 στίχες
705 3939 875 3996 ἀσπιστάων
891 3945 990 3998 Δαῶν.

152 4026 197 4094 47)
213 4023 256 4079 uf.
275 4042 302 4082 v,
321 4028 383 4079 314:
407 4021 531 4094 φράσον,
551 4029 626 4086 τίνες
646 4023 713 4093 sto',
738 4022 759 4080 oi
778 4023 937 4096 Σώκρατες,
958 4013 1042 4082 αὗται
1063 4028 1102 4080 Al
1118 4008 1211 4098 φθεγ-

103 4106 221 4181 ξάμεναι
239 4113 339 4164 τοῦτο
358 4109 394 4162 τὸ
413 4107 551 4182 σεμνόνς
570 4113 635 4182 μῶν
651 4109 759 4182 besiaco
778 4113 852 4172 τινές
870 4111 961 4177 sturm·
