3034 4964
628 433 691 533 sa

78 641 263 708 Turnebus
293 654 380 710 recte
408 645 549 710 restituit
570 640 753 731 προφύγοιε
781 659 912 736 praeter
938 667 1094 735 προφννη
1121 649 1209 736 quod

75 741 119 821 A,
145 743 339 827 προφυγεῖν
360 741 446 830 quod
466 743 565 808 ceteri
587 743 751 829 exhibent,
773 746 859 812 solus
881 747 914 811 Κ
936 743 1145 832 προφνγέειν.

146 839 382 928 Elegiacorum
401 842 464 908 loci
485 865 550 910 non
571 844 765 909 attrectandi
781 844 941 930 videntur,
957 849 1034 934 quia
1048 867 1095 910 εει
1119 847 1208 936 apud

74 939 142 1005 hos
156 950 287 1027 poetas
310 951 351 1024 et,
374 951 529 1029 quantum
550 965 592 1007 ex
614 942 707 1008 libris
736 946 959 1028 grammaticis
981 944 1090 1024 video,
1118 945 1208 1033 apud

74 1037 270 1104 Homerum
294 1062 459 1128 nunquam
480 1043 643 1127 synizesin
664 1043 795 1109 faciunt.

144 1138 257 1204 Aliter
280 1161 332 1204 res
355 1161 425 1204 sese
446 1138 546 1204 habet
565 1139 930 1230 apudiambographos,
947 1143 1098 1232 aquibus
1121 1145 1208 1229 syni-

73 1237 173 1302 zesis
198 1258 257 1321 εει,
279 1247 315 1303 ut
335 1238 421 1302 infra
442 1237 636 1316 videbimus,
657 1263 722 1305 non
736 1239 851 1306 aliena
871 1251 931 1308 est.
974 1243 1088 1329 Itaque
1102 1241 1208 1308 Elma-

72 1335 180 1423 leyus
205 1359 277 1401 cnm
301 1339 371 1402 veri
394 1339 500 1425 specis
523 1337 664 1425 quadam
686 1339 882 1406 Archilocho
910 1341 1032 1407 formas
1056 1341 1206 1407 diductas

71 1437 107 1499 in
134 1457 213 1498 εειν
233 1437 389 1501 restituit:
412 1447 483 1502 tetr.
507 1443 556 1503 71.
579 1447 610 1501 et
633 1441 687 1504 72:
709 1434 856 1522 θιγέειν,
888 1435 1036 1523 πεσέειν,
1057 1443 1206 1524 προςβα-

71 1529 188 1600 λεέιν.
233 1534 350 1601 Utrum
383 1537 465 1602 haec
495 1538 579 1601 ratio
612 1558 713 1602 necne
740 1537 913 1623 probanda
939 1540 996 1622 sit,
1029 1540 1207 1628 quaeritur.

72 1633 198 1715 Quam
224 1633 267 1699 ad
293 1655 362 1700 rem
393 1635 637 1701 diiudicandam
667 1635 777 1724 paullo
807 1635 955 1724 longiore
988 1638 1207 1726 disputatione

70 1757 168 1821 opus
192 1742 252 1798 est.
306 1793 309 1800 .

139 1831 257 1920 Atque
283 1834 372 1920 apud
391 1834 628 1922 Hippocratem
655 1833 785 1922 quidem
814 1846 945 1922 praeter
971 1859 1123 1922 magnum
1149 1861 1206 1902 nu·

70 1953 216 1998 merum
238 1933 461 2019 exemplorum
483 1943 722 1999 contractorum
743 1933 894 2019 leguntur
916 1934 976 1999 VA
991 1942 1024 2003 31
1052 1928 1209 2021 ἀφελέειν

70 2041 104 2096 et
127 2029 201 2098 GV
217 2034 253 2096 31
276 2032 453 2108 (antecedit
474 2029 513 2095 τὸ
539 2025 654 2096 ὀστέον
677 2025 826 2119 ἀφελεῖν)
849 2025 1008 2119 dotalicia
1027 2030 1066 2096 rb
1090 2025 1208 2099 ὀστέον

69 2129 249 2218 (seqnitur
270 2125 468 2209 ἐπιλιπεῖν);
498 2123 615 2197 deinde
645 2131 732 2219 apud
762 2134 939 2220 scriptores
961 2133 1118 2198 minores:
1140 2132 1205 2198 He·

68 2229 162 2296 rael.
194 2236 237 2296 57
276 2220 501 2308 ἀποθανέειν,
539 2226 770 2306 καταλιπέειν,
807 2230 961 2296 Democr.
995 2236 1035 2296 tc
1064 2226 1205 2316 τεκέειν,

69 2339 203 2396 contra
235 2329 325 2416 apud
355 2330 556 2402 Hecataeum
590 2331 711 2418 ubique
746 2331 861 2396 aoristi
893 2331 928 2394 in
954 2331 1019 2407 εῖν,
1057 2333 1205 2397 conferas

68 2431 184 2494 etiam
207 2427 307 2516 Diog.
328 2436 347 2496 2
370 2422 476 2493 εἰπεῖν
501 2435 699 2517 (quanquam
727 2431 877 2516 proxime
909 2430 1071 2496 antecedit
1100 2426 1207 2495 δοκέει

69 2530 193 2595 soluta
217 2527 342 2608 forma).
386 2529 538 2616 Denique
567 2551 666 2615 saepe
688 2549 756 2591 εειν
783 2538 921 2615 apparet
949 2529 1037 2617 apud
1059 2529 1205 2595 Herodo-

67 2639 160 2693 tum.
210 2626 265 2692 De
287 2629 377 2692 cuius
399 2651 461 2692 usu
483 2649 579 2714 quam
602 2628 743 2692 maxime
765 2629 849 2692 inter
870 2651 904 2693 se
926 2628 1121 2693 dissentiunt
1142 2629 1205 2693 viri

68 2725 183 2793 docti.
230 2725 420 2792 Dindorfius
444 2728 529 2791 enim
550 2728 584 2790 in
606 2727 808 2813 praelatione
829 2725 981 2792 editionis
996 2727 1118 2792 Herod.
1135 2751 1205 2792 ver·

66 2825 125 2892 bis
151 2825 258 2910 longe
289 2825 439 2913 plurimis
471 2827 610 2892 solutam
637 2826 775 2891 formam
798 2827 940 2890 restituit
968 2826 1069 2892 libros
1090 2851 1207 2894 manu·

68 2928 230 3012 scriptos
254 2935 397 3009 secutus5
425 2947 610 3015 quanquam
633 2926 932 3011 praestantissimus
953 2925 996 2992 M.
1020 2925 1107 2991 haud
1129 2949 1206 2992 raro

68 3029 184 3091 etiam
206 3025 242 3088 in
265 3022 315 3088 his
340 3026 594 3090 contractionem
610 3023 754 3110 praebet.
798 3023 981 3089 Bredovius
1001 3027 1026 3101 ⁷)
1048 3047 1126 3090 vero
1143 3027 1204 3091 for-

67 3148 151 3190 mas
178 3123 331 3188 diductas
355 3123 522 3188 damnavit
543 3145 662 3189 omnes.
706 3123 797 3186 Dicit
817 3124 903 3187 enim
925 3124 1068 3205 „formas
1089 3115 1203 3198 ἰδέειν,
1284 3129 1287 3138 ’

65 3219 233 3306 μαθέ-ειν
262 3232 332 3304 etc,
361 3245 442 3310 quas
473 3231 600 3288 constat
625 3243 640 3284 ε
664 3221 745 3286 illud
772 3220 1027 3308 pleonastice
1055 3233 1088 3288 et
1114 3233 1206 3310 pott-

67 3325 165 3390 tice
189 3321 284 3400 (sicl)
305 3322 480 3408 recepisse,
503 3323 634 3410 poetis
656 3319 734 3388 solis
755 3330 852 3408 atque
867 3321 914 3384 eis
928 3320 1056 3386 Ionicis·
1070 3323 1206 3408 scripto·

67 3421 177 3489 ribus
201 3417 434 3508 relinquendas
457 3444 537 3504 esse,
554 3423 608 3509 qui
631 3422 726 3508 epica
740 3419 897 3486 etlonica
918 3422 1100 3505 promiscue
1114 3444 1205 3487 usur-

67 3521 245 3611 pahantf‘
288 3519 483 3608 Quanquam
507 3521 654 3601 minime,
675 3528 710 3584 ut
731 3540 793 3605 par
815 3531 881 3600 est,
903 3518 1006 3606 probo
1029 3519 1206 3586 absurdam

67 3621 175 3688 illam
200 3626 234 3683 et
255 3618 433 3685 obsoletam
465 3615 644 3685 doctrinam
674 3618 715 3682 de
742 3617 906 3700 „littera
933 3618 1207 3704 pleonastica“

67 3719 229 3806 „metri
250 3739 372 3784 causa
393 3742 413 3784 a
434 3719 564 3805 potitis
587 3717 764 3798 addita“,
791 3715 843 3780 vel
866 3717 973 3802 potius
1002 3728 1131 3802 assuta,
1158 3729 1205 3783 ta-

68 3841 158 3886 men
182 3817 219 3881 in
241 3827 278 3882 eo
301 3815 465 3884 Bredovio
487 3817 660 3898 assentior,
683 3815 710 3879 si
728 3813 810 3879 illud
832 3837 847 3877 a
874 3814 1152 3902 ,‚ple0nasticum“
1170 3840 1207 3881 re

69 3941 166 3985 vera
188 3916 298 4002 legum
320 3917 450 4004 linguae
466 3917 591 3982 ratione
606 3913 720 3980 habita
741 3925 851 4001 eptam
870 3915 1121 4002 explicationem
1144 3939 1207 3980 non

152 4134 437 4206 onmm·‘

131 4229 398 4282 (tantumtantum
414 4226 436 4272 2.
986 4219 1003 4272 3
