3056 4968
856 427 917 490 200

338 599 497 688 καρήατι,
531 597 667 686 κράατι,
701 598 814 687 κραιί;
856 597 1016 685 ἔμμεναι,
1052 597 1181 685 ἔμεναι,
1201 653 1203 660 ,
1221 597 1313 686 ἔμεν,
1345 591 1446 679 εἶναι)

339 729 403 770 non
432 704 475 770 ad
504 726 711 768 numerorum
742 727 871 768 cursum
900 702 1139 790 expediendum
1166 725 1187 766 a
1206 704 1315 790 poetis
1344 701 1446 783 fictae,

336 805 393 868 sed
415 827 456 867 ex
478 803 696 889 antiquiorum
717 811 900 889 temporum
928 803 1084 867 memoria
1104 801 1240 868 haustae
1262 811 1351 878 sunt,
1382 812 1447 866 tum

333 903 462 967 demum
485 900 661 967 secundum
683 903 794 965 varias
817 923 969 966 versuum
992 899 1239 967 commoditates
1255 901 1448 986 dispositae:

331 1001 429 1066 simili
451 1001 546 1066 modo
568 1011 685 1087 poetae
701 993 822 1086 tragici
843 1000 930 1066 binis
950 999 1063 1066 formis
1078 1000 1257 1086 propositis
1279 1010 1377 1084 prout
1394 1011 1449 1063 aut

331 1123 484 1165 versuum
516 1098 679 1184 elegantia
712 1099 962 1164 commendabat
985 1109 1048 1170 =aut
1082 1097 1247 1182 singulare
1281 1098 1447 1185 quoddam

332 1198 500 1264 eonsilium
523 1197 728 1285 postulabat,
750 1221 836 1262 nunc
856 1199 942 1263 hanc
962 1219 1049 1262 nunc
1069 1196 1158 1262 illam
1180 1197 1227 1261 ita
1249 1196 1449 1282 delegerunt,

332 1298 426 1362 metri
447 1299 676 1384 opportunitas
697 1305 733 1361 ut
753 1319 820 1362 non
842 1308 908 1364 tam
932 1317 1078 1362 caussa
1097 1301 1183 1360 'esset
1199 1296 1449 1383 peregrinarum

332 1419 459 1478 vocum,
480 1419 578 1482 quam
599 1397 693 1480 quasi
713 1396 984 1472 moderatrix,
1006 1395 1227 1482 quaeformes
1245 1394 1449 1459 iamdudum

333 1498 367 1560 in
390 1497 575 1560 universam
598 1495 723 1581 poesim
744 1505 895 1582 receptas
924 1495 1134 1560 distribueret
1156 1504 1253 1583 atque
1275 1493 1450 1578 digereret
1521 1485 1522 1500 ¹

304 1661 305 1664 ,
418 1593 557 1659 Omnino
582 1605 690 1659 sutem
712 1595 768 1660 diu
789 1619 811 1660 a
824 1597 905 1660 viris
928 1595 1033 1660 doctis
1055 1593 1264 1658 observatum
1286 1603 1338 1658 est
1352 1594 1449 1656 inter·

334 1693 450 1758 cedere
470 1691 633 1776 quoddam
651 1695 735 1758 inter
758 1717 911 1760 versuum
933 1692 1301 1758 numerosetorationis
1324 1691 1448 1758 colores

335 1792 537 1876 cognationis
560 1793 744 1876 uinculum,
776 1793 982 1858 efflorescens
1004 1792 1085 1876 illud
1111 1815 1152 1858 ex
1174 1794 1248 1878 ipsa
1268 1791 1385 1878 poesis
1407 1793 1448 1856 in-

333 1889 422 1972 dole,
445 1913 646 1978 quaequam
669 1894 831 1958 artissime
853 1913 913 1958 nos
935 1901 1105 1958 externam
1125 1891 1283 1957 sermonis
1306 1891 1449 1976 speciem
1521 1935 1522 1938 κ

334 1988 581 2055 accommodare
601 1990 692 2055 iubet
721 1991 763 2055 ad
785 1993 1018 2058 sententiarum
1039 1993 1106 2057 vim
1130 2000 1162 2055 et
1183 1999 1345 2054 naturam.
1389 1988 1449 2053 Ita·

334 2112 397 2176 que
417 2109 489 2153 cum
509 2088 650 2175 dactylis
672 2091 776 2176 epicis
796 2113 861 2155 nou
882 2113 958 2156 raro
980 2091 1170 2156 coniunctas
1185 2087 1337 2154 videmus
1354 2111 1450 2152 voces

335 2211 376 2252 ex
391 2189 527 2253 Homeri
550 2187 750 2254 carminibus
774 2198 940 2276 sumptas3
962 2212 1004 2254 ex
1025 2191 1167 2254 numeris
1187 2187 1333 2252 incitatis
1353 2197 1387 2252 et
1401 2209 1449 2252 ar·

335 2286 425 2351 doris
447 2286 551 2373 plenis
575 2297 691 2373 sponte
720 2287 855 2352 effluunt
875 2287 1085 2354 volubiliores
1116 2285 1278 2373 quaedam
1300 2308 1341 2350 ac
1365 2284 1448 2350 velo
1521 2301 1522 2304 ’

335 2387 439 2449 ciores
459 2385 693 2451 vocabulorum
714 2385 849 2470 formae,
869 2387 958 2454 velut
980 2386 1079 2454 soluti
1099 2386 1295 2454 nominativi
1316 2377 1448 2458 πάθεα,
1521 2453 1522 2458 1

333 2478 435 2563 βέλεα
458 2493 513 2549 ctt.
557 2483 764 2570 Quamquam
793 2485 822 2548 is
849 2485 980 2571 quidem
1008 2487 1105 2550 metri
1135 2495 1167 2549 et
1195 2485 1354 2551 orationis
1378 2507 1448 2548 con-

336 2600 449 2646 sensus
479 2583 610 2647 minime
637 2593 704 2648 tam
725 2584 862 2669 insignis
893 2607 1021 2671 semper
1050 2593 1083 2649 ct
1102 2583 1294 2648 manifestus
1317 2593 1384 2665 est,
1415 2591 1450 2648 ut

335 2690 441 2744 certas
462 2689 493 2744 et
515 2691 701 2747 constantes
723 2705 765 2747 ex
787 2704 826 2746 ea
846 2705 882 2747 re
903 2683 992 2769 leges
1014 2683 1112 2748 liceat
1133 2681 1303 2748 deducere
1521 2747 1522 2778 q

419 2779 484 2843 Sed
506 2779 592 2844 ultro
614 2780 658 2846 ad
679 2791 829 2869 quartum
852 2782 1007 2871 quiddam
1028 2783 1192 2863 venimus,
1216 2780 1304 2867 quod
1326 2781 1362 2844 in
1384 2780 1450 2844 dia-
1521 2781 1522 2822 i

334 2877 411 2943 lecti
428 2877 709 2944 vicissitudinibus
730 2879 914 2946 iudicandis
943 2903 1149 2970 nequaquam
1171 2880 1325 2946 videatur
1344 2877 1449 2966 negle

335 2977 478 3061 gendum
498 3000 584 3043 esse:

852 3116 881 3193 s.
904 3120 932 3180 ι.

369 3295 372 3302 ,
406 3224 665 3312 Singularem
687 3228 1009 3316 uniuscuiusque
1030 3227 1114 3294 loci
1133 3237 1328 3292 naturam
1351 3236 1392 3291 et

800 3325 996 3420 indolem

418 3441 506 3507 Bene
528 3444 593 3508 iam
614 3450 740 3506 veteres
763 3425 1003 3530 perspexerunt
1022 3467 1065 3508 ex
1085 3442 1240 3508 universa
1260 3441 1462 3527 tragoediae

336 3539 521 3620 maiestate,
560 3563 642 3624 quae
675 3564 695 3604 a
726 3541 890 3608 cotidiana
920 3544 1053 3626 vitain
1085 3542 1218 3606 heroum
1253 3541 1448 3628 deorumque
1521 3573 1522 3576 ¹

337 3639 575 3730 sanctissimam
597 3641 785 3704 memoriam
817 3651 1019 3727 spectatores
1048 3642 1233 3722 reduceret,
1265 3641 1446 3706 necessario

336 3739 493 3818 orationis
516 3738 719 3806 efflorescere
741 3737 947 3826 splendorem
970 3764 1009 3806 ac
1031 3739 1355 3828 magniloquentiam.
1387 3740 1446 3804 No-

337 3837 495 3900 tissimum
517 3847 566 3903 est
587 3836 668 3903 illud
682 3837 839 3925 Aeschyli
860 3842 894 3903 in
907 3839 1138 3928 Aristophanis
1154 3839 1257 3904 Ranis
1279 3841 1446 3916 (v.1059):

1311 3961 1444 4051 Ἀνάγκη

341 4057 504 4150 Μεγάλων
524 4071 662 4152 γνωμῶν
686 4065 743 4132 καὶ
765 4067 925 4134 διανοιῶν
944 4063 1003 4135 ’aba
1030 4065 1147 4134 καὶτὰ
1169 4069 1300 4156 ῥήματα
1319 4063 1442 4133 τίκτειν.
