3008 4968
595 387 652 456 183

76 569 101 647 3,
121 571 138 632 8
159 554 261 642 εὔχου.
306 563 450 650 Theogn.
477 571 554 634 1277
577 572 655 653 (mp)
678 559 820 649 lye'vovll,
855 567 933 630 1362
958 554 1178 646 ἀντελάβου11ς

78 669 146 731 1315
166 669 253 750 (mp).
280 671 355 732 1381
382 659 517 730 ἐδόκουν
538 675 577 731 et·
595 672 672 734 1359
694 656 909 744 πονούμενον.
934 669 1012 732 1266
1035 655 1136 746 γίνου.

130 762 292 849 Theognis
322 773 452 847 contra,
485 775 521 830 ut
547 766 651 852 primo
683 764 796 830 obtutu
825 761 970 846 videtur,
1000 761 1176 828 secundum

75 883 156 925 auam
177 863 282 948 ipsius
304 859 478 928 dialectum
498 864 664 930 formavit:
693 871 752 932 667
776 856 929 950 ψεύδους.
974 861 1070 928 Certe
1093 863 1177 926 enim

75 960 114 1024 illi
134 961 314 1046 singulares
344 966 486 1049 genetivi
517 958 627 1039 δείους
655 987 694 1030 ac
725 956 860 1037 σπείους
881 962 1084 1026 excusationi
1106 981 1176 1024 esse

74 1083 129 1124 non
147 1069 291 1145 possunt,
307 1083 380 1127 oum
390 1063 559 1132 Philemon
578 1065 602 1141 ³)
624 1074 711 1129 recte
732 1061 856 1127 dixisse
871 1060 1021 1126 videatur
1043 1069 1177 1146 propter

74 1153 277 1246 κοκοφωνίαν
298 1161 459 1246 legitimas
479 1164 599 1227 formas
623 1158 722 1238 δέεος,
746 1156 867 1236 οπέεος
882 1183 902 1224 a
919 1169 1017 1246 poeta
1038 1159 1176 1223 reiectas

75 1281 142 1324 esse.
182 1259 292 1346 Atque
314 1263 411 1326 etiam
426 1261 705 1346 aMegarensibns
727 1258 971 1340 recentioribus,
990 1279 1175 1345 quanquam

73 1358 101 1420 in
118 1358 303 1425 universum
333 1361 417 1425 ratio
450 1359 662 1425 contrahendi
694 1360 839 1446 vidgaris
870 1359 1075 1446 frequentata
1106 1379 1177 1422 esse

73 1455 207 1540 ridetur,
237 1467 347 1522 tamen
376 1461 535 1545 genetiuis
567 1459 671 1525 soluta
699 1461 803 1524 forma
830 1468 865 1524 ut
885 1457 974 1544 apud
1003 1456 1176 1544 plerosque

73 1556 161 1620 Doris
190 1555 383 1622 servabatur
405 1560 437 1635 4).
488 1559 602 1647 Itaque
632 1558 838 1624 scribendum
875 1568 924 1622 est
951 1557 1003 1622 vel
1032 1550 1176 1642 ψεύδους

72 1655 115 1720 v'el
134 1649 285 1738 ψεύδους.

126 1754 281 1820 Similiter
302 1754 447 1842 Theogn.
473 1763 540 1824 166.
563 1761 632 1824 262.
657 1764 726 1825 697.
752 1764 837 1826 1263.
863 1765 882 1823 5
902 1751 1000 1838 ἐμοῦ,
1022 1763 1091 1823 414.
1114 1763 1175 1824 969

73 1855 122 1916 σοῦ
148 1855 273 1920 formae
302 1854 510 1921 librariorum
541 1877 668 1920 errores
697 1856 848 1943 produnt.
893 1855 975 1944 Cum
1005 1856 1089 1918 enirn
1111 1855 1175 1920 for·

74 1973 135 2017 nac
156 1954 319 2020 secundae
349 1957 605 2042 pera'oonsona
628 1975 648 2018 σ
668 1956 846 2020 instructae
874 1956 908 2018 in
929 1953 1019 2017 nulla
1038 1953 1174 2018 Doridis

73 2054 168 2138 specie
189 2064 389 2143 appareant,
418 2054 476 2119 scd
506 2053 626 2142 ubique
646 2075 674 2130 ν,
698 2052 787 2140 apud
810 2052 1032 2138 Theognidcm
1062 2063 1175 2117 contra
1269 2065 1280 2080 ”

72 2152 283 2218 tantummodo
307 2151 382 2216 illae
403 2155 664 2240 conspiciantur,
686 2172 741 2216 σευ
763 2162 850 2216 recte
872 2160 1035 2218 servatum
1057 2151 1173 2216 docere

73 2273 121 2315 nos
142 2261 250 2339 potest
271 2257 401 2338 poetam
416 2252 552 2318 Homeri
574 2252 837 2318 consuetudinem
859 2250 1043 2336 adoptasse,
1065 2251 1174 2334 itaque

74 2351 159 2416 etiam
188 2346 278 2432 ἐμοῦ,
311 2372 372 2431 μου
402 2351 534 2418 dixisse.
593 2351 744 2417 Ceterum
772 2352 879 2416 forma
906 2350 1051 2435 vulgaris
1080 2342 1170 2429 ἐμοῦ,

72 2471 126 2528 μου
145 2487 186 2498 -—
208 2453 236 2514 si
267 2451 342 2542 quis
367 2450 456 2516 locos
485 2450 559 2516 illos
589 2449 762 2516 defendere
791 2458 962 2515 conaretur
985 2487 1026 2496 —
1045 2451 1103 2516 vix
1131 2450 1173 2515 ab

73 2550 186 2636 origine
218 2549 344 2614 Dorica
377 2559 464 2633 crat,
497 2573 574 2614 nam
605 2550 723 2636 legitur
755 2558 880 2614 tantum
913 2551 946 2613 in
981 2549 1129 2614 Theraeo
1147 2545 1189 2627 ⁵)'

71 2647 128 2722 (ubi
155 2647 255 2714 semel
285 2669 347 2729 μευ
367 2649 536 2734 traditur),
560 2651 616 2736 qui
638 2649 839 2736 Theognidis
868 2659 975 2715 aetate
1003 2649 1104 2716 multo
1126 2650 1172 2714 in·
1296 2698 1299 2710 .

70 2745 156 2812 serior
177 2757 237 2813 est.

120 2846 223 2912 Porro
253 2848 288 2912 in
312 2854 342 2915 2.
364 2871 505 2936 persona
536 2847 695 2935 singulari
724 2847 824 2912 medii
853 2871 935 2934 quae
965 2871 1006 2913 ex
1039 2851 1173 2938 antiquo

70 2956 214 3012 coenata
237 2948 288 3030 sit,
310 2948 363 3014 vel
378 2950 457 3035 ipsa
479 2947 630 3035 exempla
651 2969 733 3032 quae
755 2949 790 3012 in
810 2948 939 3012 mitiore
960 2948 1086 3013 Doride
1108 2973 1172 3015 me-

69 3042 133 3110 diae
153 3047 270 3111 aetatis
286 3067 324 3109 ου
347 3049 601 3112 contractionem
616 3067 697 3133 prae
717 3069 752 3110 se
771 3047 1064 3129 ferunt-summam
1078 3048 1172 3114 nobis

69 3143 195 3210 iniciunt
215 3147 444 3233 suspitionem3
466 3156 665 3234 quapropter
687 3143 784 3209 credo
807 3165 879 3209 cum
900 3143 1060 3210 Ahrensio
1080 3149 1104 3224 ⁶)
1126 3148 1172 3212 ibi

69 3263 183 3332 quoque
204 3244 336 3310 vocales
357 3268 423 3311 non
445 3246 613 3312 coaluisse.
656 3245 770 3330 Itaque
797 3252 928 3330 potitae,
955 3247 1010 3330 qui
1040 3247 1172 3333 antiqua

68 3341 193 3408 Doridis
224 3353 332 3410 aetate
362 3346 500 3429 vixerit,
533 3347 685 3412 restituas
717 3365 752 3407 ευ
782 3366 845 3432 pro
865 3365 918 3407 ov:
952 3349 1018 3411 129.
1050 3351 1102 3410 171
1139 3347 1171 3409 in

69 3432 161 3519 είχου.
183 3513 186 3520 ,
205 3449 266 3510 217
289 3437 419 3530 ἐφέπου
442 3454 473 3510 et
494 3439 594 3528 γίνου.
639 3453 698 3513 464
719 3437 841 3526 ἐγένου.
877 3447 937 3511 465
958 3438 1082 3529 τρίβου.
1111 3450 1171 3513 633

69 3535 230 3618 βουλεύου.
273 3549 334 3614 980
368 3538 520 3626 σπεύδου)
547 3549 624 3611 1032
647 3536 762 3624 dxdovl
796 3543 838 3621 (O
864 3533 980 3621 ἷίχθοι,
1013 3545 1045 3608 Α
1066 3536 1168 3621 dirisi,

71 3639 149 3709 tob.
171 3633 264 3725 αίίχει
284 3635 361 3728 μηδ)
385 3635 536 3721 α’ίσχεαι).
579 3648 672 3722 (1073
693 3637 846 3730 ἐφέπου.)

127 3812 152 3878 3)
168 3807 292 3866 Lobeok.
310 3807 432 3878 Paralip.
450 3807 473 3877 1,
491 3815 514 3874 ξ.
534 3809 558 3864 6.
576 3825 604 3880 p.
622 3811 664 3864 25.

126 3895 151 3960 1)
167 3893 236 3948 nur.
255 3891 291 3962 11,
311 3894 445 3946 111111.
465 3895 523 3946 111.

127 3977 236 4044 5111111.
255 3973 292 4044 H,
310 3977 369 4029 249.

128 4061 153 4130 o)
169 4059 205 4130 11,
224 4063 274 4116 111
292 4057 318 4128 c)
337 4061 365 4116 et
382 4062 441 4129 305,
459 4061 483 4112 o.
503 4062 527 4114 1.
