3070 4962
862 383 921 489 ιον
1006 481 1010 487 .

336 600 395 669 δὸν
416 597 559 690 λήγοντα
582 597 790 692 ἐπιρρήματα
819 595 1001 686 δξυνόμσνα
1032 595 1070 668 σί
1094 597 1193 668 θέλιι
1215 594 1287 668 άπδ
1318 583 1448 679 scissis

335 725 374 780 υς
394 695 565 786 ὀνομάτων
585 697 801 788 παράγεσθαι
822 700 880 768 καί
900 701 968 790 πρὸ
988 698 1106 780 τέλους
1126 695 1213 788 ἔχειν
1231 700 1271 769 τὸ
1291 721 1325 767 υ·
1348 705 1447 790 μονή·
1518 715 1519 718 ’

336 825 391 891 ρες
412 794 477 888 άρα
498 800 536 868 τὸ
564 798 737 886 βοτρυδόν.
764 796 782 867 δ
809 798 924 884 μέντοι
945 795 1122 890 Εὐφορίων
1150 799 1243 888 παρὰ
1273 799 1313 868 τὸ
1340 794 1389 879 τίς
1416 824 1450 878 υς

335 899 538 989 παραγωγὸν
559 897 703 990 ποιήσας
730 897 896 989 ἐπίρρημα
920 895 979 968 οὐκ
1009 897 1114 968 ἔδωκε
1135 899 1202 984 πρὸ
1226 897 1342 978 τέλους
1361 899 1399 966 τὸ
1420 925 1448 979 v,

338 997 425 1069 ἀλλὰ
451 999 490 1067 τὸ
513 1026 533 1089 η
564 997 730 1089 νεκυηδόν.
760 995 883 1067 (πάντα
911 997 949 1067 δέ
975 995 1007 1066 oi
1036 999 1195 1089 ναιυηδδν
1225 995 1450 1068 ἐλευκαίνοντο

338 1094 530 1187 πρόσωπά.
571 1105 685 1190 Itaque
697 1095 861 1180 νυιισ-δάν,
879 1101 966 1189 quod
980 1101 1087 1168 Schol.
1101 1102 1144 1167 ad
1155 1101 1293 1188 Dionys.
1307 1099 1449 1186 Gramm.

337 1207 371 1270 in
391 1202 538 1268 Bekkeri
559 1201 619 1268 An.
641 1225 674 1290 p.
697 1208 753 1270 941
780 1203 913 1290 protest,
936 1223 978 1267 ex
1006 1201 1071 1267 alio
1098 1201 1240 1287 quodam
1261 1199 1374 1266 eodiae
1396 1221 1446 1292 ap.

338 1303 446 1372 Onam.
468 1301 530 1368 An.
551 1301 613 1369 voi
636 1311 664 1370 4.
686 1326 717 1391 p.
741 1308 811 1386 330,
838 1308 875 1370 18
898 1299 1125 1386 corrigendum
1138 1309 1270 1387 putatur
1289 1301 1324 1364 in
1337 1319 1447 1382 νεκυη-
1518 1367 1519 1372 γ

338 1396 415 1470 δάν.
428 1439 470 1450 -
490 1399 659 1468 Lobeekio
681 1399 807 1468 Pathol.
832 1408 860 1468 1.
875 1423 908 1488 p.
929 1403 990 1468 332
1012 1399 1132 1465 dicenti
1153 1394 1334 1483 βουρυ-δὸν
1347 1397 1449 1476 (Hom

337 1502 374 1568 ss.
399 1504 429 1565 Β
450 1507 499 1571 89.
524 1500 683 1588 Hesyeh.)
706 1508 811 1567 ortum
833 1521 904 1566 esse
925 1521 985 1586 per
1014 1520 1180 1587 syncopen
1209 1521 1251 1562 ex
1271 1489 1450 1582 βοτρυηδόν

247 1621 248 1624 ’
339 1601 421 1680 (eod.
442 1599 558 1666 Urbin.
575 1599 737 1687 Theophr.
760 1599 791 1666 h.
813 1600 857 1688 pl.
880 1605 976 1682 3,16‚
998 1606 1035 1665 14
1058 1597 1186 1682 duoque
1207 1595 1301 1664 codd.
1319 1597 1450 1662 Lueian.
1518 1659 1519 1680 ,

337 1703 423 1768 Piae.
444 1703 472 1783 §.
497 1705 545 1768 43.
567 1723 600 1787 p.
623 1705 711 1784 610),
744 1699 830 1785 quod
849 1721 949 1766 unum
977 1697 1021 1762 ad
1043 1697 1274 1766 adverbiorum
1295 1697 1343 1775 (in
1364 1691 1451 1774 δὸν)
1518 1739 1519 1796 η

339 1822 595 1890 paronymorum
608 1800 806 1882 eonveniat,
838 1796 1034 1884 adstipulari
1056 1819 1121 1862 non
1151 1818 1303 1884 possum,
1332 1797 1450 1882 qnippe

1516 1829 1519 1886 1

339 1923 437 1988 quum
458 1895 621 1984 βοτρυδὸν
647 1898 728 1964 mihi
749 1899 792 1964 sit
817 1897 923 1964 forma
944 1896 1105 1984 primaria
1126 1904 1223 1983 atque
1252 1902 1414 1980 appareat
1433 1915 1449 1978 η
1518 1893 1519 1954 1

338 1999 419 2066 illud
441 2000 475 2064 in
495 1993 679 2084 Ιβουρυηδὸν
698 2020 764 2063 non
785 1996 829 2063 ad
843 1995 952 2061 thema
963 1996 1137 2084 pertinere,
1161 1993 1219 2060 ed
1230 1992 1344 2060 eodem
1358 1991 1449 2058 modo
1518 2035 1519 2096 ι

340 2101 495 2166 insertum
518 2121 589 2164 esse
611 2119 674 2184 quo
695 2099 729 2162 in
751 2091 1005 2184 φαλαγγ-η-δόν
1026 2093 1111 2162 aliis.

581 2262 631 2319 IV.
648 2261 795 2332 Είορυλσιί
805 2263 928 2332 waiam
940 2259 1051 2316 ratim
1065 2265 1133 2313 nata
1148 2265 1211 2313 auat

339 2392 524 2485 παμπηδόν
547 2369 691 2484 Theogn.
714 2421 784 2464 ean.
807 2420 839 2485 p.
866 2401 934 2490 163,
959 2402 996 2464 15
1019 2404 1051 2462 et
1071 2387 1175 2460 ἔνδον.

829 2605 842 2623 ⁸
866 2594 924 2662 IV.

423 2763 516 2830 Haec
536 2762 637 2850 igitur
657 2771 727 2829 tota
748 2770 797 2828 est
818 2761 876 2826 illa
890 2761 1030 2846 'farrago
1058 2723 1156 2844 quam
1178 2755 1304 2843 collegi.
1344 2755 1450 2822 Prius-

340 2887 438 2954 quam
460 2872 568 2930 autem
590 2861 634 2927 ad
656 2860 722 2926 alia
741 2871 954 2942 transeamus,
976 2859 1108 2944 cognitu
1131 2881 1195 2924 non
1207 2857 1376 2944 indignum
1397 2879 1450 2944 pu·

204 3036 211 3044 .
339 2973 458 3047 tamus,
480 2984 564 3049 quae
583 2970 767 3049 quantaque
789 2961 831 3027 sit
851 2957 1080 3024 adverbiorum
1100 2959 1135 3022 in
1155 2955 1235 3042 -δην
1257 2965 1290 3022 et
1310 2953 1387 3019 -δσν
1400 2978 1451 3020 ex-

342 3063 484 3130 euntium
506 3063 541 3126 in
561 3060 745 3127 Homericis
768 3059 968 3126 carminibus
987 3057 1179 3144 frequentia.

1518 2107 1519 2114 t

1518 2271 1519 2354 1

1425 2365 1430 2379 “
1518 2365 1519 2392 1

1518 2401 1519 2412 ι

1518 2621 1519 2636 1

1518 2647 1519 2656 ι

423 3162 532 3250 Atque
551 3172 724 3228 aecurrunt
743 3159 778 3226 in
799 3161 840 3224 iis
861 3179 903 3224 ex
924 3158 1033 3244 priore
1054 3177 1174 3242 genere
1197 3153 1433 3241 duodeviginti3
1518 3219 1519 3232 ,

423 3345 458 3410 in
478 3351 615 3428 utroque
637 3342 723 3406 enim
745 3341 889 3406 carmine
909 3339 1009 3405 haece
1028 3338 1108 3403 tria:

509 3450 731 3543 ἐπιτροχάδην
813 3455 851 3524 Π.
874 3461 907 3522 Γ
925 3461 986 3524 312
1070 3453 1175 3520 0d.0
1216 3457 1256 3519 26

510 3549 777 3645 ἐξονομακλήδην
830 3591 845 3605 -
872 3559 910 3618 Χ
921 3562 981 3623 415
1086 3589 1104 3602 ·
1157 3547 1258 3620 6278
1337 3541 1341 3548 ’

509 3649 760 3743 ἐπιστροφάδην
829 3690 848 3704 -
872 3657 903 3718 K
922 3659 982 3724 483
1083 3691 1100 3704 -
1155 3657 1261 3734 2308

828 3789 846 3802 -
869 3756 898 3814 Y
939 3759 979 3822 20
1081 3791 1099 3802 -
1152 3773 1179 3814 ω
1205 3752 1263 3818 184

424 3875 459 3939 in
480 3872 551 3939 sola
573 3871 725 3958 Odyssea
746 3879 914 3958 quattuor:
997 3897 999 3902 ’

511 3981 703 4073 ἐμπλήγδην
785 3992 887 4056 etat

508 4081 627 4177 λίγδην
787 4088 889 4166 χ278
