<?xml version="1.0" encoding="UTF-8"?>
<!DOCTYPE html PUBLIC "-//W3C//DTD XHTML 1.0 Transitional//EN"
    "http://www.w3.org/TR/xhtml1/DTD/xhtml1-transitional.dtd">
<html xmlns="http://www.w3.org/1999/xhtml" xml:lang="en" lang="en">
 <head>
  <title>
</title>
<meta http-equiv="Content-Type" content="text/html;charset=utf-8" />
  <meta name='ocr-system' content='tesseract 3.04.00' />
  <meta name='ocr-capabilities' content='ocr_page ocr_carea ocr_par ocr_line ocrx_word'/>
</head>
<body>
  <div class='ocr_page' id='page_1' title='image "./studienzurgriec00vanigoog/studienzurgriec00vanigoog_0460.png"; bbox 0 0 3056 4968; ppageno 0'>
   <div class='ocr_carea' id='block_1_1' title="bbox 851 461 908 524">
    <p class='ocr_par' dir='ltr' id='par_1_1' title="bbox 851 461 908 524">
     <span class='ocr_line' id='line_1_1' title="bbox 851 461 908 524; baseline 0.035 -3"><span class='ocrx_word' id='word_1_1' title='bbox 851 461 908 524; x_wconf 82' lang='lat'><strong>172</strong></span> 
     </span>
    </p>
   </div>
   <div class='ocr_carea' id='block_1_2' title="bbox 321 639 1438 1320">
    <p class='ocr_par' dir='ltr' id='par_1_2' title="bbox 321 639 1434 804">
     <span class='ocr_line' id='line_1_2' title="bbox 382 639 1434 727; baseline 0.002 -23"><span class='ocrx_word' id='word_1_2' title='bbox 382 644 469 704; x_wconf 69' lang='lat' dir='ltr'><strong>esitio</strong></span> <span class='ocrx_word' id='word_1_3' title='bbox 490 639 576 725; x_wconf 90' lang='lat' dir='ltr'><strong>quod</strong></span> <span class='ocrx_word' id='word_1_4' title='bbox 598 651 799 706; x_wconf 80' lang='lat' dir='ltr'><strong>contractum</strong></span> <span class='ocrx_word' id='word_1_5' title='bbox 821 665 839 708; x_wconf 88' lang='lat' dir='ltr'>e</span> <span class='ocrx_word' id='word_1_6' title='bbox 859 643 964 708; x_wconf 87' lang='lat' dir='ltr'><strong>forma</strong></span> <span class='ocrx_word' id='word_1_7' title='bbox 985 642 1156 722; x_wconf 46' lang='lat' dir='ltr'><strong>*tripolis</strong></span> <span class='ocrx_word' id='word_1_8' title='bbox 1170 641 1235 706; x_wconf 84' lang='lat' dir='ltr'><strong>iam</strong></span> <span class='ocrx_word' id='word_1_9' title='bbox 1253 640 1310 706; x_wconf 87' lang='lat' dir='ltr'><strong>diu</strong></span> <span class='ocrx_word' id='word_1_10' title='bbox 1324 642 1434 727; x_wconf 82' lang='lat' dir='ltr'><strong>cogni-</strong></span> 
     </span>
     <span class='ocr_line' id='line_1_3' title="bbox 321 749 472 804; baseline 0 0"><span class='ocrx_word' id='word_1_11' title='bbox 321 749 386 804; x_wconf 87' lang='lat' dir='ltr'><strong>tum</strong></span> <span class='ocrx_word' id='word_1_12' title='bbox 413 750 472 804; x_wconf 87' lang='lat' dir='ltr'><strong>est.</strong></span> 
     </span>
    </p>

    <p class='ocr_par' dir='ltr' id='par_1_3' title="bbox 382 837 939 926">
     <span class='ocr_line' id='line_1_4' title="bbox 382 837 939 926; baseline 0.013 -23"><span class='ocrx_word' id='word_1_13' title='bbox 382 839 421 903; x_wconf 91' lang='lat' dir='ltr'><strong>In</strong></span> <span class='ocrx_word' id='word_1_14' title='bbox 444 837 556 903; x_wconf 85' lang='lat' dir='ltr'><strong>eodem</strong></span> <span class='ocrx_word' id='word_1_15' title='bbox 577 859 709 904; x_wconf 83' lang='lat' dir='ltr'><strong>numero</strong></span> <span class='ocrx_word' id='word_1_16' title='bbox 731 841 883 926; x_wconf 90' lang='lat' dir='ltr'><strong>ponimus</strong></span> <span class='ocrx_word' id='word_1_17' title='bbox 936 904 939 910; x_wconf 83' lang='grc'><em>,</em></span> 
     </span>
    </p>

    <p class='ocr_par' dir='ltr' id='par_1_4' title="bbox 321 935 1438 1320">
     <span class='ocr_line' id='line_1_5' title="bbox 383 935 1437 1025; baseline 0.008 -27"><span class='ocrx_word' id='word_1_18' title='bbox 383 943 469 999; x_wconf 81' lang='lat' dir='ltr'><strong>moles</strong></span> <span class='ocrx_word' id='word_1_19' title='bbox 491 936 794 1024; x_wconf 83' lang='lat' dir='ltr'><strong>quodDuentnerus</strong></span> <span class='ocrx_word' id='word_1_20' title='bbox 817 937 952 1018; x_wconf 87' lang='lat' dir='ltr'><strong>(Kubnii</strong></span> <span class='ocrx_word' id='word_1_21' title='bbox 974 937 1092 1004; x_wconf 87' lang='lat' dir='ltr'><strong>annali.</strong></span> <span class='ocrx_word' id='word_1_22' title='bbox 1108 937 1173 1002; x_wconf 78' lang='lat' dir='ltr'><strong>XV</strong></span> <span class='ocrx_word' id='word_1_23' title='bbox 1192 935 1298 1025; x_wconf 76' lang='grc'>[1866]</span> <span class='ocrx_word' id='word_1_24' title='bbox 1320 959 1351 1024; x_wconf 89' lang='lat' dir='ltr'><strong>p.</strong></span> <span class='ocrx_word' id='word_1_25' title='bbox 1363 944 1437 1015; x_wconf 88' lang='grc'>366)</span> 
     </span>
     <span class='ocr_line' id='line_1_6' title="bbox 321 1031 1438 1122; baseline 0.001 -23"><span class='ocrx_word' id='word_1_26' title='bbox 321 1059 385 1100; x_wconf 92' lang='lat' dir='ltr'><strong>non</strong></span> <span class='ocrx_word' id='word_1_27' title='bbox 406 1037 527 1100; x_wconf 87' lang='lat' dir='ltr'><strong>iniuria</strong></span> <span class='ocrx_word' id='word_1_28' title='bbox 553 1039 756 1122; x_wconf 83' lang='lat' dir='ltr'><strong>comparavit</strong></span> <span class='ocrx_word' id='word_1_29' title='bbox 777 1038 836 1104; x_wconf 83' lang='lat' dir='ltr'><strong>Gr.</strong></span> <span class='ocrx_word' id='word_1_30' title='bbox 868 1037 1037 1104; x_wconf 84' lang='lat' dir='ltr'><strong>vocabulis</strong></span> <span class='ocrx_word' id='word_1_31' title='bbox 1066 1031 1186 1117; x_wconf 78' lang='grc' dir='ltr'><em>μάγος,</em></span> <span class='ocrx_word' id='word_1_32' title='bbox 1222 1031 1377 1116; x_wconf 61' lang='grc' dir='ltr'><em>μόχθος,</em></span> <span class='ocrx_word' id='word_1_33' title='bbox 1404 1039 1438 1100; x_wconf 94' lang='lat' dir='ltr'><strong>in</strong></span> 
     </span>
     <span class='ocr_line' id='line_1_7' title="bbox 321 1133 1438 1222; baseline 0.001 -23"><span class='ocrx_word' id='word_1_34' title='bbox 321 1134 437 1222; x_wconf 86' lang='lat' dir='ltr'><strong>quibus</strong></span> <span class='ocrx_word' id='word_1_35' title='bbox 468 1157 540 1200; x_wconf 83' lang='lat' dir='ltr'><strong>cum</strong></span> <span class='ocrx_word' id='word_1_36' title='bbox 562 1145 693 1200; x_wconf 84' lang='lat' dir='ltr'><strong>servata</strong></span> <span class='ocrx_word' id='word_1_37' title='bbox 714 1138 757 1201; x_wconf 90' lang='lat' dir='ltr'><strong>sit</strong></span> <span class='ocrx_word' id='word_1_38' title='bbox 782 1137 956 1222; x_wconf 86' lang='lat' dir='ltr'><strong>gutturalis</strong></span> <span class='ocrx_word' id='word_1_39' title='bbox 985 1138 1055 1202; x_wconf 87' lang='lat' dir='ltr'><strong>veri</strong></span> <span class='ocrx_word' id='word_1_40' title='bbox 1089 1135 1195 1200; x_wconf 88' lang='lat' dir='ltr'><strong>simile</strong></span> <span class='ocrx_word' id='word_1_41' title='bbox 1220 1133 1264 1202; x_wconf 75' lang='lat' dir='ltr'><strong>fit</strong></span> <span class='ocrx_word' id='word_1_42' title='bbox 1284 1133 1438 1200; x_wconf 80' lang='lat' dir='ltr'><strong>Latinam</strong></span> 
     </span>
     <span class='ocr_line' id='line_1_8' title="bbox 321 1231 961 1320; baseline 0 -21"><span class='ocrx_word' id='word_1_43' title='bbox 321 1235 512 1320; x_wconf 87' lang='lat' dir='ltr'><strong>primariam</strong></span> <span class='ocrx_word' id='word_1_44' title='bbox 540 1231 679 1299; x_wconf 88' lang='lat' dir='ltr'><strong>formam</strong></span> <span class='ocrx_word' id='word_1_45' title='bbox 698 1235 799 1300; x_wconf 84' lang='lat' dir='ltr'><strong>fuisse</strong></span> <span class='ocrx_word' id='word_1_46' title='bbox 821 1239 961 1317; x_wconf 68' lang='lat' dir='ltr'><strong>*moylaa</strong></span> 
     </span>
    </p>
   </div>
   <div class='ocr_carea' id='block_1_3' title="bbox 830 1469 932 1548">
    <p class='ocr_par' dir='ltr' id='par_1_5' title="bbox 830 1469 932 1548">
     <span class='ocr_line' id='line_1_9' title="bbox 830 1469 932 1548; baseline -0.01 -16"><span class='ocrx_word' id='word_1_47' title='bbox 830 1469 860 1548; x_wconf 59' lang='grc' dir='ltr'><strong>ξ.</strong></span> <span class='ocrx_word' id='word_1_48' title='bbox 883 1469 932 1532; x_wconf 78' lang='lat' dir='ltr'><strong>ro.</strong></span> 
     </span>
    </p>
   </div>
   <div class='ocr_carea' id='block_1_4' title="bbox 388 1595 1442 1678">
    <p class='ocr_par' dir='ltr' id='par_1_6' title="bbox 388 1595 1442 1678">
     <span class='ocr_line' id='line_1_10' title="bbox 388 1595 1442 1678; baseline 0.001 -17"><span class='ocrx_word' id='word_1_49' title='bbox 388 1595 559 1678; x_wconf 69' lang='lat' dir='ltr'><strong>Consonae</strong></span> <span class='ocrx_word' id='word_1_50' title='bbox 581 1617 624 1656; x_wconf 86' lang='lat' dir='ltr'><strong>cm</strong></span> <span class='ocrx_word' id='word_1_51' title='bbox 645 1595 733 1660; x_wconf 88' lang='lat' dir='ltr'><strong>nulla</strong></span> <span class='ocrx_word' id='word_1_52' title='bbox 758 1597 792 1660; x_wconf 91' lang='lat' dir='ltr'><strong>in</strong></span> <span class='ocrx_word' id='word_1_53' title='bbox 819 1617 900 1661; x_wconf 83' lang='lat' dir='ltr'><strong>voce</strong></span> <span class='ocrx_word' id='word_1_54' title='bbox 921 1597 1040 1661; x_wconf 89' lang='lat' dir='ltr'><strong>Latina</strong></span> <span class='ocrx_word' id='word_1_55' title='bbox 1065 1598 1149 1660; x_wconf 87' lang='lat' dir='ltr'><strong>inter</strong></span> <span class='ocrx_word' id='word_1_56' title='bbox 1180 1617 1214 1659; x_wconf 85' lang='lat' dir='ltr'><strong>se</strong></span> <span class='ocrx_word' id='word_1_57' title='bbox 1237 1597 1442 1662; x_wconf 83' lang='lat' dir='ltr'><strong>&#39;coniunctae</strong></span> 
     </span>
    </p>
   </div>
   <div class='ocr_carea' id='block_1_5' title="bbox 261 1693 1522 2374">
    <p class='ocr_par' dir='ltr' id='par_1_7' title="bbox 322 1693 1442 1881">
     <span class='ocr_line' id='line_1_11' title="bbox 324 1693 1442 1782; baseline -0.003 -23"><span class='ocrx_word' id='word_1_58' title='bbox 324 1695 541 1775; x_wconf 89' lang='lat' dir='ltr'><strong>inveniuntur,</strong></span> <span class='ocrx_word' id='word_1_59' title='bbox 564 1693 598 1757; x_wconf 95' lang='lat' dir='ltr'><strong>id</strong></span> <span class='ocrx_word' id='word_1_60' title='bbox 620 1694 706 1780; x_wconf 90' lang='lat' dir='ltr'><strong>quod</strong></span> <span class='ocrx_word' id='word_1_61' title='bbox 727 1707 839 1782; x_wconf 89' lang='lat' dir='ltr'><strong>aperte</strong></span> <span class='ocrx_word' id='word_1_62' title='bbox 861 1697 941 1761; x_wconf 84' lang='lat' dir='ltr'><strong>dicit</strong></span> <span class='ocrx_word' id='word_1_63' title='bbox 962 1698 1270 1766; x_wconf 75' lang='lat' dir='ltr'><strong>MariuaVictorinas</strong></span> <span class='ocrx_word' id='word_1_64' title='bbox 1293 1701 1442 1782; x_wconf 79' lang='lat' dir='ltr'><strong>(p.2456.</strong></span> 
     </span>
     <span class='ocr_line' id='line_1_12' title="bbox 322 1791 1297 1881; baseline -0.005 -22"><span class='ocrx_word' id='word_1_65' title='bbox 322 1793 483 1870; x_wconf 86' lang='lat' dir='ltr'><strong>Putsob.):</strong></span> <span class='ocrx_word' id='word_1_66' title='bbox 505 1791 629 1875; x_wconf 82' lang='lat' dir='ltr'><strong>„Juxta</strong></span> <span class='ocrx_word' id='word_1_67' title='bbox 651 1802 758 1858; x_wconf 88' lang='lat' dir='ltr'><strong>autem</strong></span> <span class='ocrx_word' id='word_1_68' title='bbox 779 1816 843 1858; x_wconf 92' lang='lat' dir='ltr'><strong>non</strong></span> <span class='ocrx_word' id='word_1_69' title='bbox 866 1794 1030 1881; x_wconf 85' lang='lat' dir='ltr'><strong>ponebant</strong></span> <span class='ocrx_word' id='word_1_70' title='bbox 1051 1796 1199 1881; x_wconf 76' lang='lat' dir='ltr'>(antiqui)</span> <span class='ocrx_word' id='word_1_71' title='bbox 1222 1795 1297 1858; x_wconf 83' lang='lat' dir='ltr'><strong>cm.“</strong></span> 
     </span>
    </p>

    <p class='ocr_par' dir='ltr' id='par_1_8' title="bbox 261 1891 1522 2374">
     <span class='ocr_line' id='line_1_13' title="bbox 385 1891 1439 1978; baseline 0.001 -22"><span class='ocrx_word' id='word_1_72' title='bbox 385 1891 496 1972; x_wconf 78' lang='lat' dir='ltr'><strong>Quare</strong></span> <span class='ocrx_word' id='word_1_73' title='bbox 517 1893 656 1977; x_wconf 86' lang='lat' dir='ltr'><strong>primum</strong></span> <span class='ocrx_word' id='word_1_74' title='bbox 677 1893 712 1956; x_wconf 93' lang='lat' dir='ltr'><strong>in</strong></span> <span class='ocrx_word' id='word_1_75' title='bbox 734 1899 811 1954; x_wconf 83' lang='lat' dir='ltr'><strong>loma</strong></span> <span class='ocrx_word' id='word_1_76' title='bbox 832 1904 907 1957; x_wconf 89' lang='lat' dir='ltr'><strong>ante</strong></span> <span class='ocrx_word' id='word_1_77' title='bbox 928 1893 1075 1957; x_wconf 89' lang='lat' dir='ltr'><strong>nasalem</strong></span> <span class='ocrx_word' id='word_1_78' title='bbox 1098 1895 1201 1957; x_wconf 81' lang='lat' dir='ltr'><strong>eiecta</strong></span> <span class='ocrx_word' id='word_1_79' title='bbox 1219 1893 1349 1958; x_wconf 87' lang='lat' dir='ltr'><strong>videtur</strong></span> <span class='ocrx_word' id='word_1_80' title='bbox 1367 1905 1439 1978; x_wconf 86' lang='lat' dir='ltr'><strong>gut-</strong></span> 
     </span>
     <span class='ocr_line' id='line_1_14' title="bbox 261 1989 1522 2077; baseline 0 -21"><span class='ocrx_word' id='word_1_81' title='bbox 261 1995 265 2004; x_wconf 88' lang='lat'>&#39;</span> <span class='ocrx_word' id='word_1_82' title='bbox 324 1991 455 2072; x_wconf 88' lang='lat' dir='ltr'><strong>turalis,</strong></span> <span class='ocrx_word' id='word_1_83' title='bbox 483 1989 569 2077; x_wconf 90' lang='lat' dir='ltr'><strong>quod</strong></span> <span class='ocrx_word' id='word_1_84' title='bbox 591 1992 789 2076; x_wconf 82' lang='lat' dir='ltr'><strong>comparatis</strong></span> <span class='ocrx_word' id='word_1_85' title='bbox 811 1991 945 2056; x_wconf 88' lang='lat' dir='ltr'><strong>vooibus</strong></span> <span class='ocrx_word' id='word_1_86' title='bbox 969 1998 1067 2074; x_wconf 76' lang='lat' dir='ltr'><strong>lacus,</strong></span> <span class='ocrx_word' id='word_1_87' title='bbox 1098 1999 1217 2054; x_wconf 80' lang='lat' dir='ltr'><strong>laeana·</strong></span> <span class='ocrx_word' id='word_1_88' title='bbox 1231 1994 1439 2077; x_wconf 82' lang='lat' dir='ltr'><strong>perspicitur.</strong></span> <span class='ocrx_word' id='word_1_89' title='bbox 1521 2043 1522 2068; x_wconf 39' lang='lat'>1</span> 
     </span>
     <span class='ocr_line' id='line_1_15' title="bbox 323 2071 1522 2177; baseline 0.001 -21"><span class='ocrx_word' id='word_1_90' title='bbox 323 2091 361 2156; x_wconf 92' lang='lat' dir='ltr'><strong>ln</strong></span> <span class='ocrx_word' id='word_1_91' title='bbox 389 2088 506 2177; x_wconf 89' lang='lat' dir='ltr'><strong>quibus</strong></span> <span class='ocrx_word' id='word_1_92' title='bbox 534 2111 605 2152; x_wconf 85' lang='lat' dir='ltr'><strong>oum</strong></span> <span class='ocrx_word' id='word_1_93' title='bbox 635 2090 759 2156; x_wconf 84' lang='lat' dir='ltr'><strong>vocalis</strong></span> <span class='ocrx_word' id='word_1_94' title='bbox 789 2092 916 2177; x_wconf 80' lang='lat' dir='ltr'><strong>primae</strong></span> <span class='ocrx_word' id='word_1_95' title='bbox 946 2090 1093 2176; x_wconf 80' lang='lat' dir='ltr'>syllabae</span> <span class='ocrx_word' id='word_1_96' title='bbox 1123 2090 1232 2155; x_wconf 87' lang='lat' dir='ltr'><strong>brevis</strong></span> <span class='ocrx_word' id='word_1_97' title='bbox 1268 2091 1437 2172; x_wconf 85' lang='lat' dir='ltr'>habeatur,</span> <span class='ocrx_word' id='word_1_98' title='bbox 1521 2071 1522 2096; x_wconf 40' lang='lat'>¹</span> 
     </span>
     <span class='ocr_line' id='line_1_16' title="bbox 323 2187 1438 2276; baseline -0.004 -22"><span class='ocrx_word' id='word_1_99' title='bbox 323 2187 516 2275; x_wconf 75' lang='lat' dir='ltr'><strong>originalem</strong></span> <span class='ocrx_word' id='word_1_100' title='bbox 537 2187 638 2252; x_wconf 85' lang='lat' dir='ltr'><strong>fuisse</strong></span> <span class='ocrx_word' id='word_1_101' title='bbox 655 2187 793 2252; x_wconf 83' lang='lat' dir='ltr'><strong>formam</strong></span> <span class='ocrx_word' id='word_1_102' title='bbox 816 2187 938 2252; x_wconf 74' lang='lat' dir='ltr'><strong>*ldcma</strong></span> <span class='ocrx_word' id='word_1_103' title='bbox 952 2199 1067 2276; x_wconf 85' lang='lat' dir='ltr'><strong>putare</strong></span> <span class='ocrx_word' id='word_1_104' title='bbox 1089 2189 1265 2272; x_wconf 58' lang='lat' dir='ltr'><strong>debemus·</strong></span> <span class='ocrx_word' id='word_1_105' title='bbox 1278 2190 1335 2254; x_wconf 87' lang='lat' dir='ltr'><strong>sed</strong></span> <span class='ocrx_word' id='word_1_106' title='bbox 1358 2193 1438 2252; x_wconf 73' lang='lat' dir='ltr'><strong>trima</strong></span> 
     </span>
     <span class='ocr_line' id='line_1_17' title="bbox 323 2287 1053 2374; baseline -0.001 -20"><span class='ocrx_word' id='word_1_107' title='bbox 323 2289 428 2354; x_wconf 83' lang='lat' dir='ltr'><strong>forma</strong></span> <span class='ocrx_word' id='word_1_108' title='bbox 450 2288 562 2374; x_wconf 78' lang='lat' dir='ltr'><strong>stirpis</strong></span> <span class='ocrx_word' id='word_1_109' title='bbox 583 2287 729 2354; x_wconf 80' lang='lat' dir='ltr'>vocalem</span> <span class='ocrx_word' id='word_1_110' title='bbox 748 2287 881 2373; x_wconf 84' lang='lat' dir='ltr'><strong>longam</strong></span> <span class='ocrx_word' id='word_1_111' title='bbox 902 2288 1053 2353; x_wconf 81' lang='lat' dir='ltr'><strong>ostendit.</strong></span> 
     </span>
    </p>
   </div>
   <div class='ocr_carea' id='block_1_6' title="bbox 324 2397 1522 2788">
    <p class='ocr_par' dir='ltr' id='par_1_9' title="bbox 324 2397 1522 2788">
     <span class='ocr_line' id='line_1_18' title="bbox 387 2397 1522 2488; baseline 0.001 -21"><span class='ocrx_word' id='word_1_112' title='bbox 387 2403 473 2468; x_wconf 85' lang='lat' dir='ltr'><strong>Tum</strong></span> <span class='ocrx_word' id='word_1_113' title='bbox 495 2401 539 2468; x_wconf 90' lang='lat' dir='ltr'><strong>ad</strong></span> <span class='ocrx_word' id='word_1_114' title='bbox 559 2401 620 2467; x_wconf 85' lang='lat' dir='ltr'><strong>hoo</strong></span> <span class='ocrx_word' id='word_1_115' title='bbox 641 2401 744 2467; x_wconf 88' lang='lat' dir='ltr'>verba</span> <span class='ocrx_word' id='word_1_116' title='bbox 763 2406 864 2485; x_wconf 74' lang='lat' dir='ltr'><strong>lirano,</strong></span> <span class='ocrx_word' id='word_1_117' title='bbox 887 2397 977 2487; x_wconf 76' lang='lat' dir='ltr'><strong>limes,</strong></span> <span class='ocrx_word' id='word_1_118' title='bbox 996 2405 1082 2467; x_wconf 72' lang='lat' dir='ltr'><strong>tm</strong></span> <span class='ocrx_word' id='word_1_119' title='bbox 1104 2401 1276 2480; x_wconf 79' lang='lat' dir='ltr'><strong>accedunt,</strong></span> <span class='ocrx_word' id='word_1_120' title='bbox 1304 2425 1438 2488; x_wconf 90' lang='lat' dir='ltr'><strong>quorum</strong></span> <span class='ocrx_word' id='word_1_121' title='bbox 1521 2399 1522 2424; x_wconf 67' lang='lat'><em>³</em></span> 
     </span>
     <span class='ocr_line' id='line_1_19' title="bbox 325 2497 1437 2590; baseline -0.001 -23"><span class='ocrx_word' id='word_1_122' title='bbox 325 2504 424 2590; x_wconf 85' lang='lat' dir='ltr'><strong>stirps</strong></span> <span class='ocrx_word' id='word_1_123' title='bbox 446 2503 480 2565; x_wconf 93' lang='lat' dir='ltr'><strong>in</strong></span> <span class='ocrx_word' id='word_1_124' title='bbox 501 2497 608 2562; x_wconf 63' lang='lat' dir='ltr'><strong>licitiae</strong></span> <span class='ocrx_word' id='word_1_125' title='bbox 629 2501 758 2586; x_wconf 83' lang='lat' dir='ltr'><strong>integra</strong></span> <span class='ocrx_word' id='word_1_126' title='bbox 780 2512 830 2566; x_wconf 86' lang='lat' dir='ltr'><strong>est</strong></span> <span class='ocrx_word' id='word_1_127' title='bbox 850 2513 1058 2584; x_wconf 78' lang='lat' dir='ltr'><strong>conservata,</strong></span> <span class='ocrx_word' id='word_1_128' title='bbox 1087 2498 1144 2567; x_wconf 88' lang='lat' dir='ltr'><strong>sed</strong></span> <span class='ocrx_word' id='word_1_129' title='bbox 1165 2523 1287 2587; x_wconf 85' lang='lat' dir='ltr'><strong>magua</strong></span> <span class='ocrx_word' id='word_1_130' title='bbox 1309 2512 1358 2566; x_wconf 87' lang='lat' dir='ltr'><strong>est</strong></span> <span class='ocrx_word' id='word_1_131' title='bbox 1379 2499 1437 2566; x_wconf 86' lang='lat' dir='ltr'><strong>dif-</strong></span> 
     </span>
     <span class='ocr_line' id='line_1_20' title="bbox 324 2597 1440 2687; baseline -0.001 -21"><span class='ocrx_word' id='word_1_132' title='bbox 324 2601 451 2666; x_wconf 85' lang='lat' dir='ltr'><strong>fioultas</strong></span> <span class='ocrx_word' id='word_1_133' title='bbox 483 2598 570 2687; x_wconf 90' lang='lat' dir='ltr'><strong>quod</strong></span> <span class='ocrx_word' id='word_1_134' title='bbox 596 2599 741 2665; x_wconf 82' lang='lat' dir='ltr'>vocalem</span> <span class='ocrx_word' id='word_1_135' title='bbox 771 2605 783 2662; x_wconf 82' lang='lat' dir='ltr'><strong>i</strong></span> <span class='ocrx_word' id='word_1_136' title='bbox 809 2601 898 2666; x_wconf 87' lang='lat' dir='ltr'><strong>vocis</strong></span> <span class='ocrx_word' id='word_1_137' title='bbox 920 2606 1053 2684; x_wconf 73' lang='lat' dir='ltr'><strong>obliquas</strong></span> <span class='ocrx_word' id='word_1_138' title='bbox 1082 2601 1148 2666; x_wconf 89' lang='lat' dir='ltr'><strong>alia</strong></span> <span class='ocrx_word' id='word_1_139' title='bbox 1177 2623 1249 2665; x_wconf 88' lang='lat' dir='ltr'><strong>esse</strong></span> <span class='ocrx_word' id='word_1_140' title='bbox 1279 2597 1440 2678; x_wconf 82' lang='lat' dir='ltr'><strong>mensura,</strong></span> 
     </span>
     <span class='ocr_line' id='line_1_21' title="bbox 325 2698 1438 2788; baseline -0.001 -24"><span class='ocrx_word' id='word_1_141' title='bbox 325 2723 422 2788; x_wconf 89' lang='lat' dir='ltr'><strong>quam</strong></span> <span class='ocrx_word' id='word_1_142' title='bbox 442 2701 477 2763; x_wconf 90' lang='lat' dir='ltr'><strong>in</strong></span> <span class='ocrx_word' id='word_1_143' title='bbox 498 2703 606 2760; x_wconf 78' lang='lat' dir='ltr'><strong>licinus</strong></span> <span class='ocrx_word' id='word_1_144' title='bbox 619 2698 777 2763; x_wconf 86' lang='lat' dir='ltr'><strong>videmus.</strong></span> <span class='ocrx_word' id='word_1_145' title='bbox 805 2699 875 2764; x_wconf 86' lang='lat' dir='ltr'><strong>Neo</strong></span> <span class='ocrx_word' id='word_1_146' title='bbox 895 2709 1004 2764; x_wconf 90' lang='lat' dir='ltr'><strong>tamen</strong></span> <span class='ocrx_word' id='word_1_147' title='bbox 1026 2710 1202 2788; x_wconf 86' lang='lat' dir='ltr'><strong>propterea</strong></span> <span class='ocrx_word' id='word_1_148' title='bbox 1224 2723 1360 2788; x_wconf 87' lang='lat' dir='ltr'><strong>prorsus</strong></span> <span class='ocrx_word' id='word_1_149' title='bbox 1382 2723 1438 2763; x_wconf 87' lang='lat' dir='ltr'><strong>ne·</strong></span> 
     </span>
    </p>
   </div>
   <div class='ocr_carea' id='block_1_7' title="bbox 230 2797 1336 2887">
    <p class='ocr_par' dir='ltr' id='par_1_10' title="bbox 230 2797 1336 2887">
     <span class='ocr_line' id='line_1_22' title="bbox 230 2797 1336 2887; baseline -0.002 -22"><span class='ocrx_word' id='word_1_150' title='bbox 230 2879 233 2886; x_wconf 15' lang='lat' dir='ltr'><strong>p</strong></span> <span class='ocrx_word' id='word_1_151' title='bbox 325 2800 472 2887; x_wconf 85' lang='lat' dir='ltr'><strong>gaverim</strong></span> <span class='ocrx_word' id='word_1_152' title='bbox 494 2797 575 2862; x_wconf 93' lang='lat' dir='ltr'><strong>illud</strong></span> <span class='ocrx_word' id='word_1_153' title='bbox 596 2798 732 2864; x_wconf 90' lang='lat' dir='ltr'><strong>verbum</strong></span> <span class='ocrx_word' id='word_1_154' title='bbox 756 2820 798 2862; x_wconf 89' lang='lat' dir='ltr'><strong>ex</strong></span> <span class='ocrx_word' id='word_1_155' title='bbox 818 2797 932 2864; x_wconf 88' lang='lat' dir='ltr'>eadem</span> <span class='ocrx_word' id='word_1_156' title='bbox 954 2800 1057 2886; x_wconf 88' lang='lat' dir='ltr'><strong>stirpe</strong></span> <span class='ocrx_word' id='word_1_157' title='bbox 1079 2799 1225 2886; x_wconf 89' lang='lat' dir='ltr'><strong>potuisse</strong></span> <span class='ocrx_word' id='word_1_158' title='bbox 1247 2799 1336 2863; x_wconf 87' lang='lat' dir='ltr'><strong>oriri.</strong></span> 
     </span>
    </p>
   </div>
   <div class='ocr_carea' id='block_1_8' title="bbox 324 2897 1520 4189">
    <p class='ocr_par' dir='ltr' id='par_1_11' title="bbox 324 2897 1439 3303">
     <span class='ocr_line' id='line_1_23' title="bbox 384 2897 1439 3002; baseline -0.003 -23"><span class='ocrx_word' id='word_1_159' title='bbox 384 2913 494 2979; x_wconf 83' lang='lat' dir='ltr'><strong>Etiam</strong></span> <span class='ocrx_word' id='word_1_160' title='bbox 515 2911 609 2998; x_wconf 78' lang='lat' dir='ltr'><strong>rimo,</strong></span> <span class='ocrx_word' id='word_1_161' title='bbox 632 2912 729 2976; x_wconf 74' lang='lat' dir='ltr'><strong>rimor</strong></span> <span class='ocrx_word' id='word_1_162' title='bbox 749 2915 784 2977; x_wconf 94' lang='lat' dir='ltr'><strong>in</strong></span> <span class='ocrx_word' id='word_1_163' title='bbox 803 2913 866 2978; x_wconf 85' lang='lat' dir='ltr'><strong>hoo</strong></span> <span class='ocrx_word' id='word_1_164' title='bbox 887 2935 1020 2980; x_wconf 86' lang='lat' dir='ltr'><strong>numero</strong></span> <span class='ocrx_word' id='word_1_165' title='bbox 1047 2897 1199 3002; x_wconf 81' lang='lat' dir='ltr'><strong>ponobda</strong></span> <span class='ocrx_word' id='word_1_166' title='bbox 1221 2935 1292 2978; x_wconf 84' lang='lat' dir='ltr'><strong>esse</strong></span> <span class='ocrx_word' id='word_1_167' title='bbox 1313 2913 1439 2978; x_wconf 83' lang='lat' dir='ltr'><strong>Pettius</strong></span> 
     </span>
     <span class='ocr_line' id='line_1_24' title="bbox 324 3011 1439 3102; baseline -0.004 -22"><span class='ocrx_word' id='word_1_168' title='bbox 324 3021 473 3102; x_wconf 86' lang='lat' dir='ltr'><strong>(quaestt.</strong></span> <span class='ocrx_word' id='word_1_169' title='bbox 497 3012 626 3101; x_wconf 84' lang='lat' dir='ltr'><strong>etymol.</strong></span> <span class='ocrx_word' id='word_1_170' title='bbox 647 3011 697 3078; x_wconf 88' lang='grc' dir='ltr'><strong>Π1</strong></span> <span class='ocrx_word' id='word_1_171' title='bbox 718 3035 750 3101; x_wconf 59' lang='lat' dir='ltr'><strong>p,</strong></span> <span class='ocrx_word' id='word_1_172' title='bbox 774 3019 847 3092; x_wconf 80' lang='lat'>283)</span> <span class='ocrx_word' id='word_1_173' title='bbox 876 3025 963 3078; x_wconf 83' lang='lat' dir='ltr'><strong>recte</strong></span> <span class='ocrx_word' id='word_1_174' title='bbox 994 3015 1184 3100; x_wconf 85' lang='lat' dir='ltr'><strong>suspicatur.</strong></span> <span class='ocrx_word' id='word_1_175' title='bbox 1228 3011 1313 3076; x_wconf 88' lang='lat' dir='ltr'><strong>Nam</strong></span> <span class='ocrx_word' id='word_1_176' title='bbox 1343 3019 1439 3076; x_wconf 79' lang='lat' dir='ltr'><strong>anta</strong></span> 
     </span>
     <span class='ocr_line' id='line_1_25' title="bbox 325 3109 1437 3200; baseline -0.008 -20"><span class='ocrx_word' id='word_1_177' title='bbox 325 3113 427 3180; x_wconf 89' lang='lat' dir='ltr'><strong>verbo</strong></span> <span class='ocrx_word' id='word_1_178' title='bbox 450 3117 532 3193; x_wconf 61' lang='grc' dir='ltr'><strong>τίπτε·</strong></span> <span class='ocrx_word' id='word_1_179' title='bbox 553 3112 703 3178; x_wconf 85' lang='lat' dir='ltr'><strong>derivata</strong></span> <span class='ocrx_word' id='word_1_180' title='bbox 724 3111 884 3194; x_wconf 86' lang='lat' dir='ltr'><strong>videntur,</strong></span> <span class='ocrx_word' id='word_1_181' title='bbox 908 3135 928 3176; x_wconf 88' lang='lat' dir='ltr'>a</span> <span class='ocrx_word' id='word_1_182' title='bbox 950 3135 1012 3200; x_wconf 90' lang='lat' dir='ltr'><strong>quo</strong></span> <span class='ocrx_word' id='word_1_183' title='bbox 1034 3135 1100 3177; x_wconf 88' lang='lat' dir='ltr'><strong>vox</strong></span> <span class='ocrx_word' id='word_1_184' title='bbox 1121 3115 1215 3174; x_wconf 70' lang='lat' dir='ltr'><strong>ricem</strong></span> <span class='ocrx_word' id='word_1_185' title='bbox 1228 3109 1437 3191; x_wconf 74' lang='lat' dir='ltr'><strong>deductaest,</strong></span> 
     </span>
     <span class='ocr_line' id='line_1_26' title="bbox 326 3203 1316 3303; baseline -0.008 -22"><span class='ocrx_word' id='word_1_186' title='bbox 326 3224 383 3281; x_wconf 88' lang='lat' dir='ltr'><strong>aut</strong></span> <span class='ocrx_word' id='word_1_187' title='bbox 405 3237 425 3279; x_wconf 91' lang='lat' dir='ltr'><strong>a</strong></span> <span class='ocrx_word' id='word_1_188' title='bbox 442 3214 543 3298; x_wconf 86' lang='lat' dir='ltr'><strong>stirpe</strong></span> <span class='ocrx_word' id='word_1_189' title='bbox 565 3234 647 3300; x_wconf 90' lang='lat' dir='ltr'><strong>quae</strong></span> <span class='ocrx_word' id='word_1_190' title='bbox 668 3213 702 3276; x_wconf 90' lang='lat' dir='ltr'><strong>in</strong></span> <span class='ocrx_word' id='word_1_191' title='bbox 718 3209 846 3275; x_wconf 75' lang='lat' dir='ltr'><strong>Graeco</strong></span> <span class='ocrx_word' id='word_1_192' title='bbox 869 3203 1004 3295; x_wconf 74' lang='grc' dir='ltr'><strong><em>ἐρείκειν</em></strong></span> <span class='ocrx_word' id='word_1_193' title='bbox 1024 3211 1150 3275; x_wconf 79' lang='lat' dir='ltr'><strong>inclusa</strong></span> <span class='ocrx_word' id='word_1_194' title='bbox 1169 3208 1316 3303; x_wconf 69' lang='lat' dir='ltr'><strong>babetur</strong></span> 
     </span>
    </p>

    <p class='ocr_par' dir='ltr' id='par_1_12' title="bbox 325 3306 1520 4189">
     <span class='ocr_line' id='line_1_27' title="bbox 388 3306 1437 3398; baseline -0.007 -20"><span class='ocrx_word' id='word_1_195' title='bbox 388 3313 457 3380; x_wconf 86' lang='lat' dir='ltr'><strong>Neo</strong></span> <span class='ocrx_word' id='word_1_196' title='bbox 478 3313 584 3376; x_wconf 91' lang='lat' dir='ltr'><strong>minus</strong></span> <span class='ocrx_word' id='word_1_197' title='bbox 610 3312 645 3374; x_wconf 93' lang='lat' dir='ltr'><strong>in</strong></span> <span class='ocrx_word' id='word_1_198' title='bbox 667 3323 740 3372; x_wconf 81' lang='lat' dir='ltr'><strong>temo</strong></span> <span class='ocrx_word' id='word_1_199' title='bbox 761 3311 868 3396; x_wconf 89' lang='lat' dir='ltr'><strong>prima</strong></span> <span class='ocrx_word' id='word_1_200' title='bbox 898 3309 1026 3398; x_wconf 87' lang='lat' dir='ltr'>syllaba</span> <span class='ocrx_word' id='word_1_201' title='bbox 1055 3311 1090 3374; x_wconf 94' lang='lat' dir='ltr'><strong>in</strong></span> <span class='ocrx_word' id='word_1_202' title='bbox 1110 3306 1308 3395; x_wconf 83' lang='lat' dir='ltr'><strong>gutturalem</strong></span> <span class='ocrx_word' id='word_1_203' title='bbox 1330 3309 1437 3396; x_wconf 87' lang='lat' dir='ltr'><strong>priore</strong></span> 
     </span>
     <span class='ocr_line' id='line_1_28' title="bbox 326 3401 1435 3500; baseline -0.009 -22"><span class='ocrx_word' id='word_1_204' title='bbox 326 3423 472 3500; x_wconf 89' lang='lat' dir='ltr'><strong>tempore</strong></span> <span class='ocrx_word' id='word_1_205' title='bbox 494 3411 584 3492; x_wconf 87' lang='lat' dir='ltr'><strong>exiit,</strong></span> <span class='ocrx_word' id='word_1_206' title='bbox 606 3411 727 3497; x_wconf 89' lang='lat' dir='ltr'><strong>quippe</strong></span> <span class='ocrx_word' id='word_1_207' title='bbox 750 3408 838 3496; x_wconf 89' lang='lat' dir='ltr'><strong>quod</strong></span> <span class='ocrx_word' id='word_1_208' title='bbox 859 3408 995 3474; x_wconf 87' lang='lat' dir='ltr'><strong>verbum</strong></span> <span class='ocrx_word' id='word_1_209' title='bbox 1018 3431 1091 3474; x_wconf 88' lang='lat' dir='ltr'><strong>oum</strong></span> <span class='ocrx_word' id='word_1_210' title='bbox 1108 3407 1219 3474; x_wconf 83' lang='lat' dir='ltr'><strong>radice</strong></span> <span class='ocrx_word' id='word_1_211' title='bbox 1235 3415 1295 3470; x_wconf 80' lang='grc' dir='ltr'><strong>’τεκ</strong></span> <span class='ocrx_word' id='word_1_212' title='bbox 1318 3401 1435 3485; x_wconf 81' lang='grc' dir='ltr'><strong>(τίκτω,</strong></span> 
     </span>
     <span class='ocr_line' id='line_1_29' title="bbox 326 3504 1438 3597; baseline -0.005 -23"><span class='ocrx_word' id='word_1_213' title='bbox 326 3504 454 3588; x_wconf 73' lang='grc' dir='ltr'><strong>ἔτεκον)</strong></span> <span class='ocrx_word' id='word_1_214' title='bbox 487 3508 747 3597; x_wconf 79' lang='lat' dir='ltr'><strong>componendum</strong></span> <span class='ocrx_word' id='word_1_215' title='bbox 781 3531 853 3572; x_wconf 86' lang='lat' dir='ltr'><strong>esse</strong></span> <span class='ocrx_word' id='word_1_216' title='bbox 885 3519 1017 3574; x_wconf 83' lang='lat' dir='ltr'><strong>constet.</strong></span> <span class='ocrx_word' id='word_1_217' title='bbox 1070 3506 1122 3573; x_wconf 79' lang='lat' dir='ltr'><strong>Of.</strong></span> <span class='ocrx_word' id='word_1_218' title='bbox 1152 3505 1318 3590; x_wconf 87' lang='lat' dir='ltr'><strong>Curtium,</strong></span> <span class='ocrx_word' id='word_1_219' title='bbox 1353 3505 1438 3570; x_wconf 86' lang='lat' dir='ltr'>elem.</span> 
     </span>
     <span class='ocr_line' id='line_1_30' title="bbox 326 3605 1520 3697; baseline -0.008 -22"><span class='ocrx_word' id='word_1_220' title='bbox 326 3607 455 3697; x_wconf 86' lang='lat' dir='ltr'><strong>etymol.</strong></span> <span class='ocrx_word' id='word_1_221' title='bbox 484 3631 516 3696; x_wconf 89' lang='lat' dir='ltr'><strong>p.</strong></span> <span class='ocrx_word' id='word_1_222' title='bbox 543 3613 602 3676; x_wconf 82' lang='lat'><strong>198</strong></span> <span class='ocrx_word' id='word_1_223' title='bbox 618 3629 665 3694; x_wconf 90' lang='lat' dir='ltr'><strong>sq.</strong></span> <span class='ocrx_word' id='word_1_224' title='bbox 716 3605 752 3672; x_wconf 88' lang='lat' dir='ltr'><strong>si</strong></span> <span class='ocrx_word' id='word_1_225' title='bbox 780 3607 853 3692; x_wconf 87' lang='lat' dir='ltr'><strong>quis</strong></span> <span class='ocrx_word' id='word_1_226' title='bbox 881 3605 1117 3672; x_wconf 85' lang='lat' dir='ltr'><strong>dubitationem</strong></span> <span class='ocrx_word' id='word_1_227' title='bbox 1144 3615 1290 3688; x_wconf 86' lang='lat' dir='ltr'><strong>moveat,</strong></span> <span class='ocrx_word' id='word_1_228' title='bbox 1321 3628 1397 3670; x_wconf 91' lang='lat' dir='ltr'><strong>num</strong></span> <span class='ocrx_word' id='word_1_229' title='bbox 1424 3627 1438 3663; x_wconf 83' lang='lat' dir='ltr'>c</span> <span class='ocrx_word' id='word_1_230' title='bbox 1519 3615 1520 3656; x_wconf 58' lang='grc' dir='ltr'>ἲ</span> 
     </span>
     <span class='ocr_line' id='line_1_31' title="bbox 325 3705 1437 3793; baseline -0.008 -20"><span class='ocrx_word' id='word_1_231' title='bbox 325 3709 435 3774; x_wconf 87' lang='lat' dir='ltr'><strong>littera</strong></span> <span class='ocrx_word' id='word_1_232' title='bbox 463 3717 538 3772; x_wconf 89' lang='lat' dir='ltr'><strong>ante</strong></span> <span class='ocrx_word' id='word_1_233' title='bbox 564 3731 592 3768; x_wconf 84' lang='lat' dir='ltr'><strong>m</strong></span> <span class='ocrx_word' id='word_1_234' title='bbox 618 3705 698 3770; x_wconf 91' lang='lat' dir='ltr'>elisa</span> <span class='ocrx_word' id='word_1_235' title='bbox 725 3707 766 3770; x_wconf 90' lang='lat' dir='ltr'><strong>sit</strong></span> <span class='ocrx_word' id='word_1_236' title='bbox 792 3727 834 3770; x_wconf 91' lang='lat' dir='ltr'><strong>an</strong></span> <span class='ocrx_word' id='word_1_237' title='bbox 853 3731 887 3789; x_wconf 79' lang='lat'><strong>9,</strong></span> <span class='ocrx_word' id='word_1_238' title='bbox 919 3729 1015 3793; x_wconf 90' lang='lat' dir='ltr'><strong>quam</strong></span> <span class='ocrx_word' id='word_1_239' title='bbox 1042 3727 1217 3771; x_wconf 81' lang='lat' dir='ltr'><strong>consonam</strong></span> <span class='ocrx_word' id='word_1_240' title='bbox 1241 3726 1310 3768; x_wconf 91' lang='lat' dir='ltr'><strong>-non</strong></span> <span class='ocrx_word' id='word_1_241' title='bbox 1336 3705 1437 3768; x_wconf 89' lang='lat' dir='ltr'><strong>minus</strong></span> 
     </span>
     <span class='ocr_line' id='line_1_32' title="bbox 326 3794 1520 3894; baseline -0.007 -23"><span class='ocrx_word' id='word_1_242' title='bbox 326 3808 432 3872; x_wconf 90' lang='lat' dir='ltr'><strong>omitti</strong></span> <span class='ocrx_word' id='word_1_243' title='bbox 452 3828 549 3894; x_wconf 90' lang='lat' dir='ltr'><strong>posse</strong></span> <span class='ocrx_word' id='word_1_244' title='bbox 575 3813 649 3870; x_wconf 87' lang='lat' dir='ltr'><strong>ante</strong></span> <span class='ocrx_word' id='word_1_245' title='bbox 669 3805 814 3870; x_wconf 85' lang='lat' dir='ltr'><strong>nasalem</strong></span> <span class='ocrx_word' id='word_1_246' title='bbox 835 3804 986 3870; x_wconf 82' lang='lat' dir='ltr'><strong>labialem</strong></span> <span class='ocrx_word' id='word_1_247' title='bbox 1005 3803 1121 3870; x_wconf 90' lang='lat' dir='ltr'><strong>deinde</strong></span> <span class='ocrx_word' id='word_1_248' title='bbox 1137 3794 1436 3878; x_wconf 82' lang='lat' dir='ltr'><strong>demonstrabimus,</strong></span> <span class='ocrx_word' id='word_1_249' title='bbox 1519 3869 1520 3882; x_wconf 11' lang='grc' dir='ltr'>χ</span> 
     </span>
     <span class='ocr_line' id='line_1_33' title="bbox 327 3885 1520 3994; baseline -0.007 -24"><span class='ocrx_word' id='word_1_250' title='bbox 327 3905 450 3970; x_wconf 84' lang='lat' dir='ltr'><strong>scilieet</strong></span> <span class='ocrx_word' id='word_1_251' title='bbox 470 3904 556 3994; x_wconf 93' lang='lat' dir='ltr'><strong>quod</strong></span> <span class='ocrx_word' id='word_1_252' title='bbox 571 3903 613 3969; x_wconf 88' lang='lat' dir='ltr'><strong>ab</strong></span> <span class='ocrx_word' id='word_1_253' title='bbox 636 3904 749 3969; x_wconf 87' lang='lat' dir='ltr'>eadem</span> <span class='ocrx_word' id='word_1_254' title='bbox 770 3903 882 3969; x_wconf 84' lang='lat' dir='ltr'><strong>radice</strong></span> <span class='ocrx_word' id='word_1_255' title='bbox 902 3925 958 3966; x_wconf 83' lang='grc' dir='ltr'><strong>τεκ</strong></span> <span class='ocrx_word' id='word_1_256' title='bbox 975 3903 1151 3968; x_wconf 81' lang='lat' dir='ltr'><strong>descendat</strong></span> <span class='ocrx_word' id='word_1_257' title='bbox 1175 3908 1299 3984; x_wconf 72' lang='lat' dir='ltr'><strong>tiquam:</strong></span> <span class='ocrx_word' id='word_1_258' title='bbox 1320 3925 1341 3982; x_wconf 72' lang='lat' dir='ltr'><strong><em>y</em></strong></span> <span class='ocrx_word' id='word_1_259' title='bbox 1362 3921 1402 3964; x_wconf 84' lang='lat' dir='ltr'><strong>ex</strong></span> <span class='ocrx_word' id='word_1_260' title='bbox 1424 3923 1436 3956; x_wconf 73' lang='grc' dir='ltr'><strong>ι·</strong></span> <span class='ocrx_word' id='word_1_261' title='bbox 1519 3885 1520 3913; x_wconf 55' lang='lat'>¹</span> 
     </span>
     <span class='ocr_line' id='line_1_34' title="bbox 327 3997 1435 4082; baseline -0.01 -13"><span class='ocrx_word' id='word_1_262' title='bbox 327 4014 431 4070; x_wconf 89' lang='lat' dir='ltr'><strong>ortam</strong></span> <span class='ocrx_word' id='word_1_263' title='bbox 454 4027 525 4069; x_wconf 84' lang='lat' dir='ltr'><strong>esse</strong></span> <span class='ocrx_word' id='word_1_264' title='bbox 539 4003 716 4078; x_wconf 85' lang='lat' dir='ltr'><strong>verisimile</strong></span> <span class='ocrx_word' id='word_1_265' title='bbox 737 4013 787 4068; x_wconf 86' lang='lat' dir='ltr'><strong>est</strong></span> <span class='ocrx_word' id='word_1_266' title='bbox 805 4003 951 4068; x_wconf 78' lang='lat' dir='ltr'><strong>subiecta</strong></span> <span class='ocrx_word' id='word_1_267' title='bbox 971 4003 1078 4068; x_wconf 88' lang='lat' dir='ltr'><strong>littera</strong></span> <span class='ocrx_word' id='word_1_268' title='bbox 1100 4027 1139 4079; x_wconf 80' lang='lat' dir='ltr'><strong>n;·</strong></span> <span class='ocrx_word' id='word_1_269' title='bbox 1155 4002 1320 4067; x_wconf 90' lang='lat' dir='ltr'><strong>nonenim</strong></span> <span class='ocrx_word' id='word_1_270' title='bbox 1337 3997 1435 4082; x_wconf 85' lang='lat' dir='ltr'><strong>magis</strong></span> 
     </span>
     <span class='ocr_line' id='line_1_35' title="bbox 326 4102 1270 4189; baseline -0.003 -20"><span class='ocrx_word' id='word_1_271' title='bbox 326 4105 489 4170; x_wconf 87' lang='lat' dir='ltr'><strong>invenitur</strong></span> <span class='ocrx_word' id='word_1_272' title='bbox 513 4127 549 4166; x_wconf 80' lang='lat' dir='ltr'><strong>ca</strong></span> <span class='ocrx_word' id='word_1_273' title='bbox 569 4104 751 4169; x_wconf 82' lang='lat' dir='ltr'><strong>coniunctio</strong></span> <span class='ocrx_word' id='word_1_274' title='bbox 772 4103 806 4168; x_wconf 88' lang='lat' dir='ltr'><strong>in</strong></span> <span class='ocrx_word' id='word_1_275' title='bbox 825 4103 946 4170; x_wconf 86' lang='lat' dir='ltr'><strong>Latina</strong></span> <span class='ocrx_word' id='word_1_276' title='bbox 966 4102 1082 4189; x_wconf 85' lang='lat' dir='ltr'><strong>lingua</strong></span> <span class='ocrx_word' id='word_1_277' title='bbox 1100 4124 1196 4189; x_wconf 87' lang='lat' dir='ltr'><strong>quam</strong></span> <span class='ocrx_word' id='word_1_278' title='bbox 1219 4124 1270 4166; x_wconf 78' lang='lat' dir='ltr'><strong>era.</strong></span> 
     </span>
    </p>
   </div>
   <div class='ocr_carea' id='block_1_9' title="bbox 0 0 1537 4968">
    <p class='ocr_par' dir='ltr' id='par_1_13' title="bbox 0 0 1537 4968">
     <span class='ocr_line' id='line_1_36' title="bbox 0 0 1537 4968; baseline 0 0"><span class='ocrx_word' id='word_1_279' title='bbox 0 0 1537 4968; x_wconf 95' lang='lat' dir='ltr'><strong> </strong></span> 
     </span>
    </p>
   </div>
  </div>
 </body>
</html>
