3056 4968
878 463 935 526 rsa

355 639 519 706 cedentem
540 639 733 726 producunt.
767 639 903 726 Singula
925 642 1010 706 enim
1026 643 1202 706 sententiae
1216 640 1381 705 vocabula
1395 663 1460 704 cum

353 743 399 806 ita
421 741 456 803 in
478 761 625 803 sermono
647 741 897 826 coniungant-ur,
928 751 963 805 ut
984 740 1074 805 nulla
1093 742 1288 827 interposita
1307 761 1403 805 mora
1423 738 1462 802 al·
1520 729 1521 816 l

353 849 457 903 terum
479 838 624 922 excipiat
642 837 789 922 alterum,
812 839 959 904 similiter
983 849 1079 928 atque
1101 839 1273 910 immediis
1293 837 1460 904 vocabulis

353 938 444 1024 prius
466 936 502 1000 fit
524 935 730 1021 assimilati03
759 940 793 1002 in
815 937 888 1003 aliis
911 938 1046 1004 vocibus
1069 940 1279 1024 progressiva
1307 959 1395 1023 quae
1414 960 1461 1002 vo·

355 1045 445 1100 catur
472 1041 503 1100 v'.
525 1056 552 1099 o.
575 1035 673 1098 *Lora
691 1037 815 1119 -*Larr‚
842 1038 926 1102 *sala
945 1039 1027 1100 *roll
1047 1037 1100 1114 (cf.
1120 1047 1224 1116 scr-ce
1242 1047 1349 1116 ferre,
1368 1043 1462 1127 'pel-se

354 1141 449 1216 uelle),
470 1134 505 1197 in
527 1133 600 1198 aliis
622 1138 808 1219 regressiva
822 1147 858 1202 ut
871 1139 904 1200 in
915 1163 970 1217 pes
985 1139 1007 1201 i.
1024 1159 1050 1202 e.
1073 1138 1169 1216 *peda
1190 1137 1275 1215 *pesa
1288 1137 1346 1214 (cf.
1358 1137 1463 1198 *divid-

354 1238 382 1296 εἰ
403 1237 525 1312 diensi).
569 1233 699 1298 Deinde
720 1235 829 1300 littera
849 1237 1029 1300 assimilata
1051 1254 1248 1300 evanescens
1273 1235 1378 1302 efficit
1398 1257 1463 1320 pro·

355 1331 536 1397 ductionem
559 1333 799 1420 suppletoriam.
1520 1413 1521 1422 ἶ

414 1431 453 1495 In
473 1432 622 1497 omnibus
643 1434 743 1518 igitur
764 1433 815 1499 his
835 1433 1004 1498 vocabulis
1025 1435 1117 1520 prior
1138 1453 1281 1498 consona
1302 1432 1356 1496 ita
1378 1429 1464 1496 emol·
1520 1423 1521 1480 ἶ

353 1530 413 1594 lita
434 1539 465 1594 et
487 1528 661 1596 obscurata
683 1541 803 1618 est‚‘·ut
824 1530 997 1617 ambiguus
1019 1531 1151 1620 quidam
1174 1541 1206 1595 et
1227 1553 1355 1617 anceps
1379 1552 1464 1595 sonus

356 1629 510 1693 existeret
537 1631 592 1716 qui
614 1631 765 1696 neniam
785 1653 885 1696 verae
905 1653 1067 1696 consonae
1087 1631 1223 1695 haberet
1248 1631 1321 1694 vim
1346 1639 1381 1694 et
1402 1653 1462 1715 pro·

353 1729 597 1811 nuntiationem,
621 1727 678 1793 sed
700 1731 792 1816 quasi
815 1730 1036 1796 antecedentis
1050 1729 1173 1795 vocalis
1189 1729 1381 1794 contineret
1403 1749 1461 1813 sup

354 1826 560 1915 plemcntum.
603 1828 654 1892 Ita
680 1828 776 1893 facile
807 1831 930 1913 evenit,
963 1839 999 1894 ut
1029 1828 1167 1916 denique
1194 1827 1275 1892 nihil
1302 1828 1465 1892 audiretur

354 1929 418 1992 nisi
438 1927 598 2015 producta
618 1927 751 2010 vocalis,
773 1949 916 1993 consona
938 1949 1076 2014 sequens
1094 1925 1192 2013 plane
1207 1935 1433 1992 evanesceret

802 2055 805 2060 ¹
862 2095 893 2176 s.
917 2100 966 2162 41.

417 2225 593 2292 Difficilior
625 2234 675 2290 est
707 2223 882 2312 explicatio
916 2245 1036 2292 eorum-
1057 2225 1247 2307 verborum,
1284 2227 1322 2288 in
1359 2225 1466 2313 quinus
1520 2303 1521 2316 ἵ

354 2325 586 2412 gutturalis
607 2325 712 2389 eiecta
734 2323 976 2388 antecedentem
993 2323 1140 2390 vocalem
1159 2323 1329 2410 produxit,
1354 2326 1466 2412 quippe

354 2429 389 2490 in
415 2425 533 2514 quibus
561 2423 672 2490 verbis
694 2424 770 2510 ipsa
797 2422 909 2508 lingua
937 2423 1058 2489 Latina
1086 2423 1213 2488 medias
1236 2423 1367 2489 formas
1393 2445 1465 2512 quac

356 2525 520 2610 explicent
550 2521 697 2587 diversos
727 2523 988 2588 commutationis
1015 2532 1048 2586 et
1074 2523 1230 2588 transitus
1258 2523 1389 2607 gradus
1410 2545 1466 2586 non
1520 2573 1521 2576 ,

356 2622 522 2708 praebeat.
555 2621 709 2686 Attamen
728 2643 795 2685 non
808 2621 960 2686 omnibus
982 2621 1128 2687 destituti
1149 2643 1260 2686 sumus
1282 2619 1467 2708 explicandi

356 2723 561 2788 adiumentis.
603 2719 771 2785 Habemus
793 2721 879 2785 enim
902 2719 1106 2786 substantive
1126 2725 1362 2802 mausolaea,
1393 2741 1466 2804 quae

357 2845 430 2886 cum
466 2819 602 2886 eandem
631 2819 773 2884 habeant
807 2829 839 2884 et
874 2821 1008 2907 stirpem
1042 2830 1082 2885 et·
1108 2821 1341 2886 formationem
1376 2828 1465 2903 atque

357 2921 492 2987 Graeca
507 2920 638 2985 nomina
663 2911 802 3004 ἀράχνῃ,
837 2912 955 3004 λάχνη,
988 2941 1030 2984 ex
1057 2921 1132 3006 ipsa
1151 2919 1263 3005 lingna
1285 2916 1467 2984 Graeceio

355 3022 507 3086 Latinam
535 3020 705 3084 transiisse
734 3041 798 3084 non
824 3019 945 3084 iniuria
970 3027 1150 3084 censentur.
1192 3017 1346 3103 Apparet
1375 3020 1466 3104 igitur

354 3123 389 3186 in
423 3119 473 3184 his
504 3117 689 3183 nominibus
725 3117 922 3204 gutturalem
953 3139 971 3197 χ
1008 3117 1170 3183 excidisse
1203 3125 1277 3180 ante
1313 3117 1463 3182 nasalem.

357 3218 487 3285 Deinde
516 3221 556 3282 in
570 3219 682 3304 lingua
703 3216 862 3282 Umbrica
884 3239 945 3304 pro
966 3218 1085 3282 Latino
1108 3241 1124 3278 e
1146 3215 1355 3282 substituitur
1387 3215 1463 3302 aspi-

357 3325 459 3384 ratat
481 3329 557 3383 ante
579 3330 605 3379 t:
625 3323 707 3380 relato
720 3347 762 3371 ==
772 3317 845 3382 Lat.
859 3326 976 3400 rectus,
998 3323 1071 3380 ahta
1083 3345 1126 3372 =
1140 3316 1212 3380 Lat.
1229 3324 1302 3380 acto
1318 3321 1462 3392 (monum.

356 3417 469 3483 Umbr.
492 3416 533 3481 ll.
557 3439 589 3502 p.
612 3422 672 3485 367
695 3422 762 3502 sq.).
804 3415 874 3480 Iam
897 3437 969 3480 cum
997 3438 1039 3480 ne
1066 3418 1100 3481 in
1127 3415 1191 3480 illis
1222 3414 1354 3504 quidem
1376 3435 1462 3479 voca·

357 3516 442 3581 bulis
464 3516 591 3580 Latinis
620 3513 798 3580 verisimile
827 3516 869 3579 sit
889 3517 1040 3580 continuo
1072 3515 1235 3580 excidisse
1263 3513 1462 3599 gutturalen‚

358 3616 436 3702 quid
461 3614 592 3680 tandem
619 3614 740 3698 obstat,
777 3615 946 3703 quominus
977 3615 1078 3680 fuisse
1106 3622 1244 3679 aetatem
1270 3631 1462 3690 censeamus,

359 3715 422 3780 ubi·
437 3715 576 3780 Romani
605 3737 733 3802 quoque
761 3715 903 3790 litteram
927 3739 943 3776 c
962 3724 1038 3778 ante
1059 3727 1071 3776 t
1077 3763 1086 3796 ‚
1107 3737 1149 3790 m,
1170 3735 1191 3775 a
1220 3711 1369 3778 similiter
1396 3734 1460 3798 pro-

359 3816 545 3880 nuntiarent
566 3823 662 3901 atquc
684 3812 805 3880 Graeci
827 3815 1007 3900 aspiratam
1026 3834 1062 3896 χ,
1083 3811 1201 3878 Umbri
1222 3818 1249 3896 lr,
1276 3813 1460 3899 praesertim

360 3937 433 3978 cum
464 3923 539 3980 ante
562 3913 671 3978 Sullae
699 3923 837 3978 aetatem
864 3935 1021 3978 consonas
1049 3913 1213 3998 aspiratos
1244 3913 1373 3978 omnino
1402 3929 1459 3973 non

360 4014 500 4099 scriptas
524 4035 596 4078 esse
619 4021 750 4078 constet.
779 4013 866 4078 Hinc
888 4022 995 4077 autem
1017 4009 1169 4076 facillime
1189 4011 1261 4075 fieri
1284 4017 1412 4097 poterat
1430 4018 1458 4068 ut

360 4114 509 4199 aspiras
529 4112 576 4178 ad
595 4112 763 4178 exiliorem
783 4111 952 4200 paullatim
972 4135 1087 4180 sonum
1112 4111 1246 4176 redacta
1267 4131 1341 4176 cum
1359 4103 1456 4173 vocali
