3056 4968
853 427 856 433 ’
881 459 939 522 ιιι

793 545 999 553 ———-—

348 648 383 703 ut
400 631 611 724 Πολυδεύκης
624 638 781 722 Polluces,
803 663 866 704 non
888 649 924 704 ut
944 659 1031 704 nunc
1047 637 1196 704 Pollux.“
1231 638 1317 705 Olim
1341 648 1450 722 autem,

349 747 424 803 ante
447 737 584 819 Sullam,
617 738 819 826 simplicibus
847 741 996 803 consonis
1021 737 1194 802 utebantur
1221 741 1449 823 geminatarum

348 837 436 920 loco,
473 839 520 902 its
547 847 583 900 ut
610 842 732 899 Poiooes
764 838 843 902 nihil
877 837 1012 921 habeat,
1050 837 1137 925 quod
1169 836 1353 923 displiceat
1395 836 1450 912 (Oi.

348 935 388 1002 Ο.
409 933 530 1001 Iahnus
553 937 634 1000 cista
654 937 806 1001 Ficcron.
827 958 858 1023 p.
881 943 943 1015 57.)
1383 949 1392 968 ¹

854 1171 884 1250 ξ.
908 1174 959 1235 22.

409 1299 476 1365 Sed
497 1297 667 1364 redeamus
696 1319 752 1379 eo,
782 1298 868 1363 unde
896 1300 1032 1386 profecti
1062 1323 1182 1364 sumus.
1224 1300 1262 1363 ln
1291 1297 1454 1385 permultis

346 1399 483 1464 vocibus
499 1423 513 1459 s
529 1397 652 1462 excidit
665 1406 740 1462 ante
756 1418 812 1460 eas
827 1419 985 1463 consonas
1000 1420 1080 1485 quas
1096 1399 1314 1484 supraposui.
1349 1397 1454 1460 Primo

346 1498 418 1563 loco
441 1518 694 1562 commemorare
714 1494 813 1560 velim
828 1496 931 1562 verba
951 1519 1024 1562 cum
1041 1499 1282 1583 praepositione
1303 1501 1353 1558 dis
1375 1517 1455 1561 eom·

347 1599 473 1683 posita,
505 1617 588 1682 quae
608 1595 770 1682 incipiunt
795 1618 816 1660 a
836 1594 967 1680 liquidis
988 1595 1167 1683 mediisque
1189 1597 1341 1661 consonis
1364 1605 1455 1679 atque

346 1694 552 1759 substantiva
572 1694 648 1758 inde
670 1694 833 1760 derivata:

407 1798 537 1875 Didaco,
559 1797 685 1868 dilabor,
706 1796 806 1874 dilipo,
826 1797 956 1869 ditares,
979 1799 1146 1871 dieculam,
1166 1791 1232 1858 alia
1254 1792 1350 1858 huius
1372 1792 1455 1858 modi

347 1915 475 1980 semper
496 1891 683 1957 scribuntur
705 1913 765 1976 pro
786 1891 940 1972 *diodoro
961 1893 1115 1956 *dictator
1137 1901 1196 1958 cet.

407 1991 488 2058 Item
511 2001 585 2055 ante
607 2013 634 2051 m
658 1988 811 2054 labialem
837 1994 998 2067 dimittere,
1017 1995 1177 2065 dimovere,
1206 1989 1335 2056 similia.
1379 1991 1454 2054 For-

227 2111 229 2116 ’
345 2113 433 2154 ιιιιιιιι
452 2099 560 2154 autem
582 2091 743 2174 integram
773 2099 805 2154 ct
823 2089 1048 2154 intemeratam
1069 2091 1139 2154 eius
1160 2089 1270 2170 verbi,
1300 2083 1454 2174 quodue

346 2188 454 2255 cundo
476 2187 547 2254 loco
569 2189 680 2274 posui,
709 2190 744 2252 in
767 2196 898 2252 senatus
927 2187 1075 2253 consrdtu
1103 2187 1144 2252 de
1164 2186 1329 2254 Bacchan.
1361 2187 1453 2265 (0.1.

346 2287 418 2352 Lat.
429 2287 455 2353 Ι.
476 2309 508 2350 n.
523 2291 604 2361 196.)
617 2288 783 2374 scriptam
803 2287 984 2372 reperimus
1001 2286 1087 2356 130.
1105 2290 1229 2350 ottonom
1244 2292 1340 2364 (nom.
1352 2285 1454 2372 plum).

407 2400 538 2466 Deinde
559 2400 642 2466 haec
662 2401 811 2488 exempla
832 2400 975 2484 afferam,
998 2423 1081 2488 quae
1097 2403 1220 2488 pariter
1243 2411 1340 2489 atque
1355 2400 1454 2464 verbs

345 2501 442 2566 modo
469 2513 658 2566 enumerata
685 2500 854 2566 meliorum
880 2499 944 2564 lide
965 2499 1122 2566 librorum
1149 2511 1181 2564 ct
1206 2499 1453 2586 inscriptionum

344 2601 504 2664 nituntur:

408 2718 528 2794 diripio,
544 2718 689 2794 dirumpo,
704 2719 800 2794 diruo,
814 2723 997 2780 constanter
1012 2715 1046 2778 in
1057 2715 1183 2800 Vergili
1198 2737 1297 2779 manu
1314 2713 1455 2798 scriptis,

344 2817 452 2889 divido,
476 2812 549 2892 alia,
572 2812 647 2878 oli'm
671 2821 759 2878 certe
781 2813 941 2892 *disripim
961 2813 1119 2894 *sisoim
1140 2819 1333 2895 disrumpere,
1357 2833 1452 2898 quam

346 2921 544 3000 postremam
564 2913 702 2977 formam
722 2914 756 2976 in
777 2911 888 2977 codice
901 2911 1101 2976 Bacchidum
1121 2911 1333 2976 aRitsehelio
1346 2911 1452 2976 littera

343 3011 371 3088 B
395 3011 576 3098 significato
603 3015 647 3087 (v.
670 3016 752 3088 441.)
772 3009 889 3093 habes,
917 3013 951 3075 in
972 3009 1045 3075 aliis
1073 3013 1169 3075 etiam
1190 3015 1379 3091 dirrumpere
1400 3031 1451 3096 ge
1518 3031 1519 3086 4

342 3113 465 3175 minata
486 3133 504 3172 r
523 3109 641 3174 littera.
1149 3139 1152 3146 ⁴

404 3210 443 3274 In
464 3209 525 3274 hcc
545 3231 679 3274 numero
707 3210 805 3274 etiam
827 3208 985 3296 quaedam
1016 3207 1166 3322 exempla
1194 3207 1349 3273 habenda
1370 3217 1449 3290 sunt,

344 3310 378 3372 in
400 3309 517 3394 quibus
539 3316 615 3373 ante
637 3306 864 3373 semivocalem
885 3313 898 3370 i
918 3307 1052 3372 sibilans
1074 3309 1216 3372 eiiertur:

406 3411 537 3470 diiudico
568 3415 600 3470 et
627 3410 822 3486 diiumyr'mar,
853 3407 939 3491 quod
970 3408 1004 3470 in
1033 3405 1143 3470 Plauti
1169 3398 1235 3470 mil.
1264 3403 1348 3490 glor.
1376 3409 1448 3472 1327

247 3593 251 3603 Ι
341 3507 508 3570 veterrimi
534 3505 626 3570 codd
656 3506 823 3593 praebent.
867 3505 931 3570 Sed
961 3507 1057 3570 etiam
1079 3509 1233 3580 disiectus,
1261 3509 1399 3585 disiuoqo
1418 3505 1448 3566 in
1517 3547 1518 3619 ,

342 3627 402 3670 usu
425 3614 527 3679 erant.
578 3681 582 3690 ,
645 3646 646 3651 κ

404 3703 514 3791 Atque
535 3703 808 3790 praepositionem
837 3707 883 3766 dis
910 3703 1072 3767 brevem
1100 3702 1200 3766 fuisse
1227 3700 1280 3765 vel
1303 3724 1322 3766 e
1342 3701 1445 3765 verbis

341 3795 454 3864 diriter
469 3807 542 3888 (pro
554 3805 741 3883 *dis-dibeo),
749 3797 857 3863 dirimo
865 3806 938 3888 (pro
950 3801 1098 3878 *dis-imo)
1109 3798 1318 3884 intellegitur.
1340 3799 1444 3866 Omni·
1516 3861 1517 3864 ,

343 3900 403 3964 bue
427 3908 535 3964 autem
556 3901 590 3964 in
613 3901 800 3986 compositis
821 3898 918 3964 modo
931 3899 1038 3964 allatis
1060 3898 1224 3984 longam
1245 3899 1390 3964 vocalem
1401 3899 1442 3962 vi·

341 3995 477 4082 demus,
511 4021 617 4086 pauca
653 4009 778 4063 tantum
814 3997 1039 4063 assimilabant
1073 3998 1257 4063 sibilantem
1291 4017 1442 4063 consonae
1515 4055 1516 4074 ,

291 4156 296 4169 ,
341 4096 516 4180 subiectae,
538 4097 624 4184 quod
647 4118 775 4182 semper
796 4095 833 4160 fit
854 4098 960 4180 iniis,
985 4119 1069 4184 quae
1084 4117 1104 4160 a
1120 4096 1230 4161 littera
1241 4105 1270 4175 f
1283 4096 1441 4182 incipiunt.
