3008 4968
540 421 747 514 *nr-

93 599 255 668 delendere
277 623 315 666 ee
338 601 424 686 quod
437 601 621 690 Erotianus
652 601 724 686 ipse
746 601 780 664 in
801 599 911 664 verbis
934 597 1198 666 antecedentibus

91 701 148 764 hae
168 702 283 783 utitur,
318 722 391 764 eum
413 699 467 764 ille
493 699 687 766 vocabulum
711 697 832 764 habeat
852 699 1020 764 Doricum.
1065 699 1199 766 Genieio

91 822 161 885 ergo
183 793 314 884 φώϊδας
333 797 449 862 ποδῶν
472 795 632 883 θέρμων).

145 897 273 963 Deinde
302 900 335 962 in
367 898 475 964 media
495 897 547 963 vel
576 899 707 964 exeunti
738 899 839 984 stirpe
861 895 1035 984 multarum
1059 895 1198 982 singula·

89 1022 153 1062 rum
170 1021 286 1064 vocum
307 999 487 1063 contractio
504 1021 569 1063 non
584 997 764 1065 adhibetur.
810 997 916 1083 Atque
938 999 971 1060 in
991 996 1041 1060 his
1065 1006 1199 1083 propter

90 1098 257 1182 digamma,
279 1087 368 1181 ¹quod
391 1098 567 1184 antiquitus
590 1099 733 1184 positum
755 1108 838 1164 erat:

146 1188 323 1259 ὀὶ-εθλον
349 1195 446 1262 Areh.
476 1219 526 1282 ep.
552 1203 626 1278 104,
653 1204 678 1262 1.
726 1195 819 1284 Tyrt.
846 1203 897 1273 12,
924 1201 970 1262 13.
1013 1193 1124 1260 Mimn.
1149 1201 1198 1277 11,

88 1303 113 1362 3.
152 1294 300 1380 Xenoph.
323 1301 359 1378 2,
382 1303 401 1362 5
423 1287 622 1372 (ἀεθλεύων)
645 1303 723 1376 ete,
756 1306 787 1361 et
815 1286 965 1358 ἆ-είδω
995 1293 1094 1358 Areh.
1124 1302 1197 1361 tetr.

88 1403 131 1462 57.
151 1432 190 1441 -
214 1394 281 1460 Sol.
311 1399 365 1477 20,
388 1401 416 1462 3.
461 1395 605 1480 Theogn.
636 1401 663 1460 4.
695 1398 773 1460 1065
802 1404 860 1460 ete.
905 1387 1023 1468 ἀοιδός
1053 1391 1117 1456 Sol.
1147 1398 1197 1474 29,

87 1486 288 1569 ἀοιὸοπόλος
311 1493 460 1580 Xenoph.
483 1501 517 1577 5,
548 1502 566 1560 4
599 1479 673 1570 (ser.
703 1493 824 1578 Bergk.
832 1542 841 1576 ‚
876 1517 928 1580 ap.
951 1491 1068 1557 Athen.
1099 1491 1197 1576 vulgo

88 1587 237 1668 ἀοιδάων,
264 1584 458 1671 Cidarim),
484 1603 515 1657 et
537 1584 673 1674 ‹ri-siem
695 1591 793 1658 Areh.
819 1615 868 1678 ep.
885 1599 934 1674 94,
951 1597 978 1658 2.
994 1627 1036 1638 -
1052 1590 1195 1677 Theogn.

87 1699 121 1760 90
147 1703 205 1758 ete.
232 1691 333 1756 Areh.
360 1698 510 1774 tete-56,
536 1699 570 1758 5:
597 1685 825 1775 παρ-η’·οο-ος
854 1692 906 1769 (ef.
929 1691 1088 1756 Doricum
1108 1685 1197 1772 πάρ-

88 1799 181 1875 αρος),
203 1792 260 1857 ubi
284 1815 304 1855 α
326 1802 375 1856 est
395 1792 612 1878 prothetieum
628 1793 676 1870 ¹⁰).

144 1883 274 1966 ἆ-ΐ-ω,
298 1889 382 1958 Xen.
405 1897 434 1974 6,
456 1898 485 1974 5,
508 1892 599 1956 euius
621 1889 718 1956 radix
741 1900 789 1954 est
810 1890 862 1953 ae
874 1889 925 1967 Η).

142 1982 207 2066 ὄϊς
229 1989 336 2056 Anan.
359 2000 431 2056 tetr.
455 1997 483 2073 5,
503 1997 522 2058 6
544 1980 629 2067 (ὄϊος
652 1990 735 2054 coni.
759 1975 1104 2073 Schweighaeuserus,
1126 1972 1198 2063 οἷος

86 2089 164 2156 PVL
185 2090 275 2179 apud
285 2089 492 2154 Athenaeum
513 2087 690 2171 exhibent),
706 2086 792 2176 quod
814 2096 927 2152 natum
947 2109 1018 2152 esse
1039 2079 1080 2150 ex
1103 2077 1197 2162 t‘F-rg

86 2189 150 2256 Lat.
171 2193 242 2256 ovis
265 2190 476 2254 demonstrat.

139 2281 241 2366 πάϊς
261 2288 360 2355 Areh.
382 2295 453 2353 tetr.
478 2293 535 2368 70,
562 2295 571 2351 1
598 2279 707 2370 (πάϊ),
742 2285 882 2372 positum
900 2293 953 2360 ‚est
974 2307 1034 2370 pro
1058 2284 1192 2360 ned-rc,

87 2389 119 2453 ef.
137 2389 209 2453 Lat.
231 2411 323 2476 puer,
346 2386 431 2474 quod
453 2387 585 2473 antiquo
607 2395 752 2472 tempore
774 2406 888 2470 pov-er
910 2382 1057 2448 sonabat.
1075 2385 1113 2462 12)

141 2483 243 2573 φάος
272 2485 373 2552 Areh.
393 2495 464 2552 tetr.
490 2493 545 2564 74,
573 2492 600 2552 3.
644 2485 712 2550 sim
737 2492 770 2566 1,
806 2489 853 2549 19.
878 2520 917 2529 -
945 2482 1092 2568 Theogn.
1125 2489 1195 2552 569.

89 2592 166 2654 1143.
188 2588 227 2663 13)

139 2677 238 2749 ὤεον
261 2685 338 2749 Sim.
360 2691 416 2766 11,
447 2683 534 2768 quod
564 2705 605 2747 ex
634 2683 768 2770 antiqua
798 2681 902 2746 forma
932 2683 1054 2768 bujo-m
1084 2690 1197 2745 natum

88 2793 137 2866 est,
159 2794 258 2873 atque
281 2782 370 2869 apud
391 2783 499 2848 Dones
530 2804 659 2870 quoque
678 2791 711 2846 et
729 2781 868 2845 Lesbios
890 2782 924 2844 in
946 2795 1008 2846 usu
1030 2791 1110 2864 erat,
1132 2783 1197 2846 nisi

88 2883 163 2967 qued
184 2885 194 2970 j
219 2905 286 2947 non
307 2883 342 2946 in
363 2903 388 2964 ε,
408 2881 466 2946 sed
489 2883 522 2946 in
545 2904 558 2944 ι
578 2881 756 2946 mutabant.
778 2881 817 2958 11)

139 2984 189 3048 De
210 2981 347 3048 vocibus
370 2971 513 3055 ἅ-έκων,
543 2970 747 3054 ἇ-εκούσιος,
772 2970 918 3063 ἆ-εργός,
940 2971 1088 3065 'fr-teng,
1113 3001 1196 3062 προ-

88 3076 224 3164 ΐοοομαι,
251 3081 318 3145 iarn
340 3084 371 3162 ξ.
397 3087 421 3144 1.
443 3078 646 3144 dictumest.
729 3155 732 3162 ‚

141 3181 227 3246 Addi
249 3188 358 3267 potest
377 3178 500 3264 Mimn„
517 3185 569 3260 12,
592 3187 625 3247 6:
656 3173 767 3261 κοιΐλη
798 3175 992 3255 (Meinekius
1016 3199 1075 3264 pro
1098 3174 1195 3263 κοίλη

89 3283 240 3356 restituit).
285 3278 384 3344 Cuius
404 3277 494 3342 vocis
513 3277 611 3342 radix
633 3288 681 3342 est
703 3301 753 3359 κν,
775 3299 857 3365 quae
879 3285 1016 3362 augetur
1036 3278 1070 3340 in
1091 3276 1197 3342 forma

17 3445 20 3456 .
89 3399 148 3444 κοο.
188 3379 278 3443 Hine
299 3379 444 3441 nascitur
466 3373 642 3454 xeF-tl035
670 3380 704 3442 in
722 3374 876 3452 uorettog
902 3375 1107 3442 formavere
1129 3377 1197 3442 iota

90 3479 239 3543 secundae
269 3473 416 3561 syllabae
446 3498 504 3562 per
533 3476 722 3562 epenthesin
750 3499 833 3562 quae
860 3475 976 3540 dieitur
998 3477 1031 3540 in
1055 3476 1196 3563 primam

91 3575 297 3642 introductum
318 3584 375 3640 est.
391 3576 429 3652 15)
456 3573 605 3640 Eandem
626 3575 726 3641 habes
743 3575 856 3640 Alcaei
874 3577 913 3640 fr.
934 3583 980 3657 15,
1000 3581 1018 3640 5
1038 3575 1194 3662 (Bergk).

141 3675 243 3761 Vulgo
277 3675 376 3744 etiam
405 3665 491 3752 ἀέξω
525 3675 661 3740 verbum
690 3675 753 3740 hue
784 3676 946 3762 pertinere
978 3683 1110 3759 putatur
1141 3674 1192 3752 (ef.

93 3770 158 3840 Sim.
180 3782 209 3858 7,
231 3782 281 3843 85.
305 3811 345 3819 -
365 3771 430 3839 Sol.
453 3779 502 3856 27,
523 3779 552 3840 5.
595 3771 741 3860 Theogn.
768 3781 854 3842 1031.
880 3779 957 3840 1276
982 3771 1092 3859 [mp.}).
1119 3773 1193 3838 Non

96 4086 129 4158 15)
151 4009 188 4074 10)
206 4003 328 4062 Grundz.
347 4010 405 4060 223.
424 4009 449 4074 4,
469 4009 527 4061 318.
576 4009 616 4072 11)
637 4009 694 4062 346.
745 4007 785 4072 12)
804 4008 861 4058 259.
911 4005 952 4071 13)
971 4006 1030 4059 267.
1076 4008 1117 4076 14)
1136 4008 1192 4059 351.

144 4091 196 4146 144.
