3088 4966
775 439 984 530 ,Q-

363 607 455 680 διαί
475 614 536 702 Ag.
559 620 627 682 448.
653 621 741 682 1453.
767 619 855 684 1484.
878 613 936 682 Ch·
959 621 1032 684 611.
1055 618 1191 696 641451)

407 715 598 802 Composita
620 723 728 778 autem
750 715 960 784 inveniuntur
980 714 1076 780 haec:

362 807 746 898 κατοιβάτηςΡτοοτ.
770 818 849 892 359..
869 813 1065 879 vocabulum
1087 814 1242 880 sollemne
1264 825 1298 880 et
1319 817 1440 902 epoesi

321 917 427 1004 lyrica
447 917 481 978 in
500 914 683 978 Atticorum
705 912 850 998 linguam
872 913 1140 990 translatum.¹⁵²)

363 1005 636 1098 παραιβάταν
655 1012 749 1090 Eum,
762 1017 831 1080 553.
843 1017 896 1090 (c.)
918 1035 984 1078 vox
998 1011 1185 1095 Homerica,
1208 1013 1247 1077 cf.
1259 1012 1298 1078 Il.
1317 1013 1358 1078 Ψ.
1376 1019 1441 1080 132.
1536 1015 1537 1020 ’

404 1145 559 1212 Similiter
584 1137 666 1206 ποτέ
677 1143 732 1220 ¹⁵³)
754 1145 954 1230 praepositio
976 1145 1101 1213 Dorica
1131 1155 1163 1210 et
1185 1146 1280 1235 epioe
1309 1153 1441 1230 praeter

323 1247 446 1334 poesim
468 1245 606 1331 lyricam
620 1243 676 1320 ¹⁵⁴)
696 1239 880 1308 fabularum
903 1265 1029 1332 quoqne
1050 1253 1082 1309 et
1096 1245 1225 1310 cantica
1241 1253 1273 1308 et
1288 1241 1442 1310 diverbia

324 1347 512 1434 occupavit;
535 1345 575 1410 cf.
595 1343 691 1409 Eum.
715 1347 770 1409 79:
794 1337 913 1405 πόνον·
936 1338 1052 1422 μολών
1075 1337 1111 1406 δὲ
1132 1335 1320 1418 Παλλάδος
1342 1336 1444 1431 ποτὶ

322 1439 473 1509 πτόλιν..
496 1443 586 1532 Sept.
620 1445 679 1510 346
714 1446 781 1520 (o.):
807 1440 871 1527 Ag.
895 1445 955 1508 725
976 1449 1028 1520 (c.)
1055 1452 1225 1528 praeterea
1257 1460 1444 1504 ποτινισ-

323 1539 478 1626 οομένο
514 1543 621 1607 Prom.
653 1547 722 1608 531.
754 1544 806 1619 (c.)
835 1535 1054 1605 ποτιπέσω
1089 1541 1178 1630 Sept.
1213 1547 1261 1608 95.
1287 1547 1343 1618 (c.)
1366 1560 1445 1603 πο-

219 1703 223 1713 .
321 1636 564 1723 τιτρόπαιος
597 1639 674 1726 Sup.
702 1645 771 1707 362.
801 1643 853 1716 (ο.)
886 1639 980 1706 Eum.
1013 1647 1079 1710 176.
1105 1645 1159 1720 (c.)
1188 1633 1446 1726 ποτιψαύων
1536 1711 1537 1714 ¹

323 1741 442 1808 Trach.
469 1747 558 1809 1214:
594 1735 674 1803 ὅσον
702 1729 735 1820 γ’
767 1729 807 1800 ὃν
840 1730 939 1815 αὐτὸς
970 1735 1016 1824 μὴ
1038 1733 1297 1820 ποτιψαύων
1320 1739 1444 1822 χεροῖν.
1536 1783 1537 1820 .

405 1873 472 1940 Sed
493 1875 527 1938 in
547 1870 870 1962 pronominibus
893 1894 1021 1960 quoque
1044 1869 1206 1960 quaedam
1226 1875 1441 1938 inveniuntur
1536 1923 1537 1962 p

323 1997 406 2062 quae
428 1975 488 2039 etsi
509 1969 723 2038 Aeolensibus
745 1971 866 2058 partim
887 1971 1082 2054 tribuuntur,
1104 1994 1146 2036 ex
1167 1970 1309 2048 Homeri
1331 1981 1444 2036 tamen

324 2072 522 2138 carminibus
544 2093 616 2138 oum
647 2072 681 2136 in
710 2070 895 2134 universam
928 2073 1052 2158 poesim
1081 2069 1218 2160 lyricam
1242 2081 1312 2136 tum
1338 2072 1377 2136 in
1398 2071 1442 2134 fa·
1536 2101 1537 2144 3

322 2172 471 2238 binarum
487 2171 668 2236 Atticarum
689 2170 818 2236 cantica
839 2171 996 2236 transisse
1018 2179 1229 2236 censeantur:

323 2333 532 2354 -n——d-—wss

262 2501 264 2509 A
356 2437 479 2492 Acharn.
500 2440 563 2492 tto:
582 2435 681 2508 εἴποιμ’
700 2433 787 2490 ὑπαὶ
805 2433 986 2505 πτερύγων
1003 2439 1102 2508 κιχλᾶν
1118 2438 1162 2490 καὶ
1181 2430 1318 2506 κοψίχων.

357 2522 410 2575 Av.
434 2523 512 2575 1426:
530 2519 617 2573 ὑπαὶ
638 2517 818 2588 πτερύγων
834 2539 863 2573 τι
880 2521 1033 2587 προςναλεῖ
1049 2517 1225 2591 σοφότεροτς

295 2616 298 2623 ·
323 2606 373 2659 sed
391 2604 512 2658 dubitari
534 2602 580 2658 vix
598 2605 691 2672 potest
711 2602 779 2674 quin
801 2601 870 2656 haec
891 2602 953 2674 ipsa
974 2603 1060 2658 verba
1085 2603 1157 2658 ὑπαὶ
1174 2603 1326 2674 πτερύγων
1356 2604 1444 2658 imita-

323 2689 427 2743 tionem
443 2686 584 2758 quendam
610 2685 774 2740 contineant
802 2690 851 2740 aut
876 2685 955 2756 lyrici
980 2686 1124 2742 cuiusdam
1148 2686 1283 2758 poematis
1309 2691 1363 2740 aut
1388 2705 1445 2742 car-

322 2771 404 2826 minis
421 2769 578 2844 popularis3
596 2770 670 2840 quod
688 2769 790 2840 optime
808 2771 947 2842 perspexit
964 2771 1121 2840 scholiasta,
1139 2771 1187 2842 qui
1204 2771 1241 2826 ad
1253 2770 1325 2826 Acb,
1343 2787 1373 2827 v.
1387 2775 1445 2826 970.

323 2856 390 2910 ὀδλ
409 2852 527 2925 τρόπος,
554 2853 658 2924 inquit,
686 2852 843 2920 ποιητικός·
871 2861 1000 2927 μιμεῖται
1028 2855 1061 2910 δὲ
1084 2856 1117 2909 τὸ
1141 2859 1232 2930 μέλος.
1267 2853 1314 2909 sic
1331 2854 1443 2908 demum
1536 2933 1537 2938 1

324 2937 479 3010 explicetur
494 2941 591 3008 genet.
609 2934 727 2990 Doricus
746 2941 865 3008 κιχλᾶν.
1155 2991 1158 2998 ,

377 3056 436 3121 151)
465 3053 579 3108 Minime
604 3052 882 3124 pronuntiassem
908 3053 1060 3125 nsaungn
1084 3023 1206 3110 'aunon
1229 3070 1262 3108 aa
1290 3055 1442 3122 emerim,
1536 3055 1537 3060 ‘

324 3138 371 3210 qui
389 3153 485 3191 omnes
502 3153 548 3190 eos
566 3135 641 3190 locos
661 3152 762 3206 eosque
781 3137 857 3190 haud
874 3136 914 3190 ita
931 3153 1044 3208 paucos,
1061 3137 1110 3192 ubi
1123 3137 1255 3208 leguntur
1274 3137 1356 3200 ὑπαί,
1376 3139 1442 3206 strat,
1536 3123 1537 3192 l

324 3225 468 3292 corruptos
486 3235 546 3274 esse
560 3225 640 3274 ratus
657 3219 730 3273 hanc
748 3220 842 3290 apione
860 3221 953 3291 poesis
970 3220 1177 3276 similitudinem
1190 3237 1206 3275 e
1220 3219 1325 3277 fabulis
1338 3220 1441 3276 Atticis
1536 3217 1537 3276 l

323 3305 407 3374 plane
425 3304 577 3374 exstirpare
595 3309 723 3374 conatur,
748 3305 817 3358 olias
837 3303 940 3359 formas
963 3305 1056 3375 epicos
1080 3309 1108 3358 et
1132 3306 1283 3376 pennultas
1306 3306 1338 3360 in
1356 3306 1442 3377 suspi-

325 3389 432 3443 cionem
449 3404 548 3442 vooare
570 3404 661 3459 neque
687 3387 779 3459 potuit
797 3404 887 3460 neque
905 3405 989 3442 ausus
1008 3393 1057 3444 est.
1093 3385 1213 3444 Omnino
1235 3394 1329 3444 autem
1353 3392 1378 3445 si
1399 3408 1441 3446 uu-
1536 3399 1537 3422 l

324 3489 416 3544 quam,
434 3473 464 3525 in
482 3471 597 3526 canticis
616 3471 749 3526 eiusmodi
765 3472 852 3526 verba
868 3471 1017 3526 certissime
1035 3470 1208 3550 confirmata
1218 3477 1291 3528 sunt.

377 3574 435 3640 152)
453 3570 496 3628 Cf.
513 3571 655 3642 Aristoph.
675 3572 707 3625 P.
725 3575 771 3626 42:
790 3571 860 3632 Διὸς
877 3571 1099 3642 καταιβάτου.

376 3675 435 3739 153)
454 3671 543 3735 Quom
560 3670 642 3726 facile
661 3677 760 3726 ποτίο
779 3656 866 3740 προτί
887 3672 965 3728 nasci
987 3671 1123 3744 potuerit,
1149 3671 1252 3744 optime
1275 3671 1439 3742 perspicitur

325 3772 358 3808 ex
376 3770 482 3810 summa
499 3753 548 3810 ille
565 3755 686 3826 liquidae
706 3777 722 3828 ρ
743 3754 917 3810 volubilitate
941 3772 1013 3828 quae
1031 3755 1123 3810 effecit
1139 3759 1172 3810 ut
1188 3755 1269 3810 modo
1287 3754 1343 3808 huc
1359 3755 1437 3810 modo

324 3839 390 3892 illuc
409 3855 442 3892 ea
459 3853 582 3894 consono
600 3839 679 3910 quasi
688 3841 829 3910 migraret,
847 3837 880 3894 cf.
897 3845 1027 3912 προτί-
1040 3847 1132 3910 πορτί,
1150 3838 1303 3911 βράδιστος
1323 3871 1357 3878 -
1373 3837 1437 3911 βλρ-
1536 3861 1537 3900 t

325 3922 428 3990 λιστος,
448 3929 592 3994 καρτερεῖν
609 3953 642 3963 -
659 3931 803 3994 προτερεῖν
820 3927 868 3978 ott.

377 4025 435 4088 154)
453 4020 495 4080 Cf.
512 4022 594 4079 Pind.
613 4021 656 4078 01.
667 4022 730 4091 Vll,
748 4027 794 4079 79:
813 4026 858 4078 καὶ
878 4025 943 4079 ποτ’
965 4025 1062 4080 ἀστῶν
1078 4025 1125 4078 κτλ
1143 4025 1209 4080 acal
1227 4024 1337 4086 ξείνων.
1355 4021 1396 4079 Ολ
1411 4020 1433 4090 1,
1536 4065 1537 4090 p

323 4108 365 4162 4².
384 4103 603 4178 ποτινισόμενον
621 4105 656 4162 01
684 4107 734 4175 VI,
752 4112 793 4164 99.
812 4112 861 4164 cu.
