3056 4968
596 416 654 478 195

515 499 723 510 Μ

79 597 201 678 menica,
223 604 256 660 et
278 594 404 660 subtilis
426 593 586 681 quaedam
606 593 786 660 Hermanni
802 593 967 662 Schaeteri
985 598 1031 656 De
1048 597 1179 661 norton

77 719 127 758 aaa
147 699 177 758 in
197 697 358 775 trapoeds'is
382 697 509 758 Graecia
530 691 707 778 disputatio
729 693 849 772 (Oottb.
876 699 974 770 1866).

153 794 220 858 Iam
249 816 327 858 vero
355 815 395 856 ne
422 792 525 860 firmis
558 793 651 876 quasi
678 792 894 856 fundamentis
924 813 1058 878 prorsus
1083 814 1179 876 egere

76 892 219 958 videatur
241 891 398 956 eiusmodi
421 890 613 976 disputatio,
637 891 934 976 circumspiciamus
956 913 1112 976 quaenam
1136 889 1177 956 ad

76 1001 237 1078 poetarum
259 993 456 1075 tragicorum
480 988 652 1057 dialectum
674 1000 761 1054 recte
782 989 988 1054 iudicandam
1011 998 1153 1058 exstent.

479 1273 699 1372 ‘CAPUT
726 1277 761 1369 Ι.

377 1457 477 1506 naurs
499 1419 662 1505 emmoni
682 1457 872 1506 paramum.
895 1409 908 1434 ⁰

151 1589 201 1655 Ac
237 1591 375 1676 primum
414 1591 543 1675 quidem
572 1611 832 1676 unamquamque
865 1587 1047 1654 huiusmodi
1085 1611 1180 1673 quae·

8 1751 9 1754 ,
75 1691 205 1754 ationem
228 1711 289 1775 par
308 1699 357 1752 est
379 1689 541 1776 proficisci
563 1688 605 1754 ab

585 1855 615 1934 s.
641 1861 668 1946 1„

190 1969 461 2057 Antiquorum
482 1971 837 2052 grammaticorum
860 1967 1055 2034 doctrina.

130 2084 352 2172 Quamquam,
374 2085 401 2147 si
422 2086 456 2148 in
477 2083 542 2148 ullo
564 2083 742 2148 litterarum
766 2085 970 2170 antiquarum
991 2106 1125 2169 genere,
1147 2085 1181 2148 in

75 2181 187 2246 haere
208 2185 335 2248 minuta
363 2193 438 2247 sunt
463 2205 502 2246 ac
521 2181 617 2246 valde
642 2181 742 2245 dubia
769 2185 1055 2266 grammaticorum
1079 2183 1180 2248 Grae·

76 2302 180 2346 corum
203 2291 391 2368 praecepta.
436 2282 520 2346 Nam
542 2304 612 2344 cum
643 2303 685 2344 ex
704 2281 864 2344 universis
894 2283 940 2344 eis
961 2283 1076 2347 studiis
1099 2303 1181 2369 quae

74 2382 270 2464 pertinerent
304 2380 347 2445 ad
381 2379 591 2446 dialectorum
624 2380 857 2466 proprietates,
891 2382 1106 2466 paucissimae
1139 2383 1180 2446 ad

74 2489 214 2543 nostram
237 2502 340 2566 usque
361 2489 500 2544 aetatem
520 2485 738 2565 pervenerunt
753 2477 931 2564 relliquiae,
954 2487 1022 2544 tum
1036 2482 1181 2566 tragisse

74 2580 229 2643 orationis
253 2588 285 2642 et
307 2577 564 2660 consuetudinis,
586 2578 620 2641 in
643 2599 706 2662 qua
728 2576 930 2663 exploranda
953 2579 1085 2646 multum
1107 2581 1181 2644 Ale-

74 2676 251 2742 xandrinos
273 2678 503 2762 grammaticos
528 2677 676 2762 posuisse
706 2698 825 2762 operae
847 2699 865 2740 e
886 2700 1004 2762 magno
1026 2678 1181 2744 librorum

74 2796 202 2841 numero
227 2797 360 2862 quorum
382 2775 467 2840 tituli
489 2776 611 2862 passim
634 2785 925 2839 commemorantur
947 2779 1181 2862 cognoscimus,

75 2873 245 2940 admodum
266 2877 371 2938 tenuis
393 2876 427 2940 in
441 2873 638 2960 Phryniehi,
650 2873 816 2956 Moeridis,
838 2873 991 2958 Gregorii
1012 2875 1181 2958 Corinthii,

74 2969 194 3054 Photii,
223 2971 398 3060 Hesychii,
427 2971 566 3054 Suidas,
596 2971 759 3036 Eustathii
786 2976 950 3059 excerptis
983 2985 1113 3039 servata
1132 2984 1183 3040 est

75 3073 238 3153 memoria,
259 3073 293 3135 in
314 3071 508 3137 scholiorum
529 3072 622 3135 varia
637 3069 774 3134 colluvie
788 3093 893 3156 paene
907 3071 1006 3140 nulla.
1036 3073 1182 3153 Quorum

74 3167 324 3254 fragmentorum
344 3173 372 3234 is
395 3179 444 3234 est
466 3193 542 3234 usas
565 3180 662 3256 atque
684 3167 850 3252 condicio,
873 3173 961 3234 utin
982 3169 1181 3236 formisDo·

76 3269 148 3332 rieis
171 3270 347 3355 praecipue
366 3279 398 3332 et
419 3270 520 3355 epicis
542 3291 606 3332 non
627 3267 823 3334 mediocrem
846 3267 987 3334 habeant
1001 3269 1182 3350 utilitatem,

75 3368 191 3452 quippe
220 3367 337 3454 quibus
366 3369 535 3432 manifesto
567 3389 796 3452 nonnunquam
831 3377 887 3432 aut
916 3367 1121 3434 confirmetur
1147 3367 1183 3430 li·

74 3461 202 3530 brorum
226 3489 323 3529 manu
351 3467 543 3552 scriptorum
568 3467 762 3546 auctoritas,
792 3475 848 3529 aut
870 3467 1077 3531 emendentur
1100 3487 1183 3553 quae

57 3645 59 3652 y
76 3583 132 3646 per
147 3574 328 3650 temporum
343 3566 529 3649 iniquitates
544 3587 568 3632 a
578 3565 718 3650 pristina
734 3565 839 3627 forma
861 3565 1058 3629 descierant:
1080 3567 1113 3627 in
1130 3587 1182 3628 vc·

77 3660 165 3726 cibus
187 3663 305 3727 Atticis
328 3663 564 3750 antiquioribus
591 3685 655 3726 non
685 3663 754 3726 sine
779 3663 949 3728 ¹eubtiliore
971 3687 1048 3728 cara
1067 3663 1112 3728 ad
1132 3657 1181 3726 ai·-

76 3765 136 3821 tem
166 3763 313 3824 criticam
343 3761 557 3824 exercendam
587 3762 651 3823 sint
678 3760 871 3827 adhibenda.
915 3762 1070 3849 Quisquis
1098 3765 1183 3826 enim

77 3877 229 3942 quosnam
252 3869 500 3946 praeceptorum
524 3881 657 3923 suorum
678 3869 776 3922 testes
797 3867 892 3945 atque
913 3871 1060 3925 auctores
1075 3881 1182 3946 gram·

77 3955 183 4020 matici
207 3959 344 4022 afferant
371 3958 529 4043 quibusve
549 3981 566 4022 e
588 3957 731 4022 lontibus
758 3958 909 4044 exempla
936 3983 995 4023 sua
1021 3961 1184 4046 petierint,

77 4053 182 4136 paullo
217 4058 403 4122 accuratius
438 4058 631 4144 inspexerit,
665 4057 759 4122 facile
792 4059 935 4122 inveniet
961 4055 1183 4144 Phrynichum

925 4157 975 4208 13*
