<?xml version="1.0" encoding="UTF-8"?>
<!DOCTYPE html PUBLIC "-//W3C//DTD XHTML 1.0 Transitional//EN"
    "http://www.w3.org/TR/xhtml1/DTD/xhtml1-transitional.dtd">
<html xmlns="http://www.w3.org/1999/xhtml" xml:lang="en" lang="en">
 <head>
  <title>
</title>
<meta http-equiv="Content-Type" content="text/html;charset=utf-8" />
  <meta name='ocr-system' content='tesseract 3.04.00' />
  <meta name='ocr-capabilities' content='ocr_page ocr_carea ocr_par ocr_line ocrx_word'/>
</head>
<body>
  <div class='ocr_page' id='page_1' title='image "./studienzurgriec00vanigoog_0101.png"; bbox 0 0 3070 4962; ppageno 0'>
   <div class='ocr_carea' id='block_1_1' title="bbox 520 471 727 562">
    <p class='ocr_par' dir='ltr' id='par_1_1' title="bbox 520 471 727 562">
     <span class='ocr_line' id='line_1_1' title="bbox 520 471 727 562; baseline 0 0"><span class='ocrx_word' id='word_1_1' title='bbox 520 471 727 562; x_wconf 42' lang='lat'>*81-</span> 
     </span>
    </p>
   </div>
   <div class='ocr_carea' id='block_1_2' title="bbox 71 647 1217 1928">
    <p class='ocr_par' dir='ltr' id='par_1_2' title="bbox 71 647 1179 1112">
     <span class='ocr_line' id='line_1_2' title="bbox 74 647 1176 735; baseline 0.002 -23"><span class='ocrx_word' id='word_1_2' title='bbox 74 670 137 714; x_wconf 86' lang='lat' dir='ltr'>esse</span> <span class='ocrx_word' id='word_1_3' title='bbox 157 649 318 735; x_wconf 84' lang='lat' dir='ltr'>integram</span> <span class='ocrx_word' id='word_1_4' title='bbox 347 647 506 714; x_wconf 85' lang='lat' dir='ltr'>adverbia</span> <span class='ocrx_word' id='word_1_5' title='bbox 539 649 713 716; x_wconf 89' lang='lat' dir='ltr'>ostendunt</span> <span class='ocrx_word' id='word_1_6' title='bbox 739 649 855 716; x_wconf 86' lang='lat' dir='ltr'>haece:</span> <span class='ocrx_word' id='word_1_7' title='bbox 877 649 964 716; x_wconf 85' lang='lat' dir='ltr'>Ital:</span> <span class='ocrx_word' id='word_1_8' title='bbox 996 647 1176 714; x_wconf 85' lang='lat' dir='ltr'>ordinaria·</span> 
     </span>
     <span class='ocr_line' id='line_1_3' title="bbox 72 748 1178 816; baseline 0 -4"><span class='ocrx_word' id='word_1_9' title='bbox 72 756 168 814; x_wconf 87' lang='lat' dir='ltr'>mente</span> <span class='ocrx_word' id='word_1_10' title='bbox 180 756 367 814; x_wconf 72' lang='lat' dir='ltr'>iuramento</span> <span class='ocrx_word' id='word_1_11' title='bbox 384 748 609 814; x_wconf 87' lang='lat' dir='ltr'>interiamente</span> <span class='ocrx_word' id='word_1_12' title='bbox 624 759 820 815; x_wconf 85' lang='lat' dir='ltr'>certamente</span> <span class='ocrx_word' id='word_1_13' title='bbox 835 759 1020 816; x_wconf 84' lang='lat' dir='ltr'>veramente</span> <span class='ocrx_word' id='word_1_14' title='bbox 1031 757 1178 814; x_wconf 86' lang='lat' dir='ltr'>constan-</span> 
     </span>
     <span class='ocr_line' id='line_1_4' title="bbox 72 847 1179 935; baseline 0.003 -26"><span class='ocrx_word' id='word_1_15' title='bbox 72 854 201 911; x_wconf 82' lang='lat' dir='ltr'>temente</span> <span class='ocrx_word' id='word_1_16' title='bbox 224 857 443 914; x_wconf 83' lang='lat' dir='ltr'>amaramente</span> <span class='ocrx_word' id='word_1_17' title='bbox 463 860 532 927; x_wconf 83' lang='lat' dir='ltr'>ete,</span> <span class='ocrx_word' id='word_1_18' title='bbox 545 847 699 935; x_wconf 81' lang='lat' dir='ltr'>Hispan:</span> <span class='ocrx_word' id='word_1_19' title='bbox 722 847 918 914; x_wconf 83' lang='lat' dir='ltr'>claramonte</span> <span class='ocrx_word' id='word_1_20' title='bbox 941 847 1179 912; x_wconf 87' lang='lat' dir='ltr'>concisamsnte</span> 
     </span>
     <span class='ocr_line' id='line_1_5' title="bbox 72 943 1178 1031; baseline 0.002 -21"><span class='ocrx_word' id='word_1_21' title='bbox 72 943 381 1031; x_wconf 66' lang='lat' dir='ltr'>elegantementew),</span> <span class='ocrx_word' id='word_1_22' title='bbox 402 947 567 1014; x_wconf 82' lang='lat' dir='ltr'>Lusitan:</span> <span class='ocrx_word' id='word_1_23' title='bbox 595 947 800 1014; x_wconf 88' lang='lat' dir='ltr'>doutamente</span> <span class='ocrx_word' id='word_1_24' title='bbox 824 947 1107 1014; x_wconf 85' lang='lat' dir='ltr'>fortissimamente</span> <span class='ocrx_word' id='word_1_25' title='bbox 1131 947 1178 1012; x_wconf 93' lang='lat' dir='ltr'>ni-</span> 
     </span>
     <span class='ocr_line' id='line_1_6' title="bbox 71 1045 244 1112; baseline 0.006 -1"><span class='ocrx_word' id='word_1_26' title='bbox 71 1045 244 1112; x_wconf 73' lang='lat' dir='ltr'>numento.</span> 
     </span>
    </p>

    <p class='ocr_par' dir='ltr' id='par_1_3' title="bbox 71 1143 1217 1928">
     <span class='ocr_line' id='line_1_7' title="bbox 142 1143 1178 1234; baseline 0.002 -24"><span class='ocrx_word' id='word_1_27' title='bbox 142 1143 211 1210; x_wconf 87' lang='lat' dir='ltr'>Sed</span> <span class='ocrx_word' id='word_1_28' title='bbox 232 1143 380 1210; x_wconf 82' lang='lat' dir='ltr'><strong>desinam</strong></span> <span class='ocrx_word' id='word_1_29' title='bbox 401 1147 472 1234; x_wconf 87' lang='lat' dir='ltr'>jam</span> <span class='ocrx_word' id='word_1_30' title='bbox 502 1146 598 1234; x_wconf 86' lang='lat' dir='ltr'>plura</span> <span class='ocrx_word' id='word_1_31' title='bbox 626 1147 743 1212; x_wconf 86' lang='lat' dir='ltr'>afferre</span> <span class='ocrx_word' id='word_1_32' title='bbox 770 1145 811 1212; x_wconf 92' lang='lat' dir='ltr'>de</span> <span class='ocrx_word' id='word_1_33' title='bbox 839 1169 875 1212; x_wconf 89' lang='lat' dir='ltr'>re</span> <span class='ocrx_word' id='word_1_34' title='bbox 902 1155 970 1212; x_wconf 87' lang='lat' dir='ltr'>tam</span> <span class='ocrx_word' id='word_1_35' title='bbox 992 1145 1178 1234; x_wconf 83' lang='lat' dir='ltr'>perspicua,</span> 
     </span>
     <span class='ocr_line' id='line_1_8' title="bbox 72 1241 1217 1334; baseline 0.004 -29"><span class='ocrx_word' id='word_1_36' title='bbox 72 1265 105 1306; x_wconf 91' lang='lat' dir='ltr'>ne</span> <span class='ocrx_word' id='word_1_37' title='bbox 116 1241 272 1308; x_wconf 88' lang='lat' dir='ltr'>ridiculus</span> <span class='ocrx_word' id='word_1_38' title='bbox 290 1243 404 1309; x_wconf 86' lang='lat' dir='ltr'>videar</span> <span class='ocrx_word' id='word_1_39' title='bbox 418 1268 529 1312; x_wconf 89' lang='lat' dir='ltr'>eorum</span> <span class='ocrx_word' id='word_1_40' title='bbox 541 1245 721 1334; x_wconf 89' lang='lat' dir='ltr'>obsequens</span> <span class='ocrx_word' id='word_1_41' title='bbox 737 1244 971 1326; x_wconf 90' lang='lat' dir='ltr'>consuetudini,</span> <span class='ocrx_word' id='word_1_42' title='bbox 994 1247 1059 1334; x_wconf 90' lang='lat' dir='ltr'>qui,</span> <span class='ocrx_word' id='word_1_43' title='bbox 1079 1268 1176 1333; x_wconf 91' lang='lat' dir='ltr'>quum</span> <span class='ocrx_word' id='word_1_44' title='bbox 1213 1281 1217 1290; x_wconf 93' lang='lat'>·</span> 
     </span>
     <span class='ocr_line' id='line_1_9' title="bbox 71 1343 1179 1432; baseline 0.002 -26"><span class='ocrx_word' id='word_1_45' title='bbox 71 1363 103 1406; x_wconf 86' lang='lat' dir='ltr'>ea</span> <span class='ocrx_word' id='word_1_46' title='bbox 121 1364 204 1427; x_wconf 88' lang='lat' dir='ltr'>quae</span> <span class='ocrx_word' id='word_1_47' title='bbox 228 1352 302 1408; x_wconf 93' lang='lat' dir='ltr'>sunt</span> <span class='ocrx_word' id='word_1_48' title='bbox 323 1353 397 1408; x_wconf 88' lang='lat' dir='ltr'>ante</span> <span class='ocrx_word' id='word_1_49' title='bbox 419 1345 662 1432; x_wconf 78' lang='lat' dir='ltr'>oculos‘posita</span> <span class='ocrx_word' id='word_1_50' title='bbox 690 1368 755 1411; x_wconf 89' lang='lat' dir='ltr'>non</span> <span class='ocrx_word' id='word_1_51' title='bbox 777 1343 1047 1428; x_wconf 77' lang='lat' dir='ltr'>animadvertant,</span> <span class='ocrx_word' id='word_1_52' title='bbox 1070 1345 1179 1410; x_wconf 88' lang='lat' dir='ltr'>omnia</span> 
     </span>
     <span class='ocr_line' id='line_1_10' title="bbox 71 1440 1179 1531; baseline 0.004 -27"><span class='ocrx_word' id='word_1_53' title='bbox 71 1440 187 1526; x_wconf 89' lang='lat' dir='ltr'>longius</span> <span class='ocrx_word' id='word_1_54' title='bbox 216 1451 368 1529; x_wconf 86' lang='lat' dir='ltr'>repetunt</span> <span class='ocrx_word' id='word_1_55' title='bbox 397 1465 494 1531; x_wconf 86' lang='lat' dir='ltr'>quam</span> <span class='ocrx_word' id='word_1_56' title='bbox 526 1466 660 1509; x_wconf 86' lang='lat' dir='ltr'>necesse</span> <span class='ocrx_word' id='word_1_57' title='bbox 694 1443 751 1509; x_wconf 90' lang='lat' dir='ltr'>est.</span> <span class='ocrx_word' id='word_1_58' title='bbox 794 1443 1047 1509; x_wconf 84' lang='lat' dir='ltr'>Demonstrssse</span> <span class='ocrx_word' id='word_1_59' title='bbox 1079 1445 1179 1530; x_wconf 87' lang='lat' dir='ltr'>igitur</span> 
     </span>
     <span class='ocr_line' id='line_1_11' title="bbox 71 1541 1179 1634; baseline 0.004 -30"><span class='ocrx_word' id='word_1_60' title='bbox 71 1541 153 1606; x_wconf 92' lang='lat' dir='ltr'>nobis</span> <span class='ocrx_word' id='word_1_61' title='bbox 175 1541 326 1608; x_wconf 83' lang='lat' dir='ltr'>videmur</span> <span class='ocrx_word' id='word_1_62' title='bbox 348 1541 527 1608; x_wconf 80' lang='lat' dir='ltr'><strong>ablativum</strong></span> <span class='ocrx_word' id='word_1_63' title='bbox 549 1565 661 1610; x_wconf 89' lang='lat' dir='ltr'>casum</span> <span class='ocrx_word' id='word_1_64' title='bbox 684 1542 820 1610; x_wconf 81' lang='lat' dir='ltr'>Graecis</span> <span class='ocrx_word' id='word_1_65' title='bbox 831 1567 897 1610; x_wconf 90' lang='lat' dir='ltr'>non</span> <span class='ocrx_word' id='word_1_66' title='bbox 913 1543 1035 1624; x_wconf 80' lang='lat' dir='ltr'>deesse,</span> <span class='ocrx_word' id='word_1_67' title='bbox 1058 1545 1179 1634; x_wconf 88' lang='lat' dir='ltr'>quippe</span> 
     </span>
     <span class='ocr_line' id='line_1_12' title="bbox 73 1639 1179 1730; baseline 0.001 -25"><span class='ocrx_word' id='word_1_68' title='bbox 73 1663 158 1727; x_wconf 91' lang='lat' dir='ltr'>quum</span> <span class='ocrx_word' id='word_1_69' title='bbox 179 1663 295 1706; x_wconf 91' lang='lat' dir='ltr'>eorum</span> <span class='ocrx_word' id='word_1_70' title='bbox 316 1639 474 1708; x_wconf 88' lang='lat' dir='ltr'>adverbia</span> <span class='ocrx_word' id='word_1_71' title='bbox 495 1644 529 1707; x_wconf 91' lang='lat' dir='ltr'>in</span> <span class='ocrx_word' id='word_1_72' title='bbox 551 1665 610 1718; x_wconf 88' lang='grc' dir='ltr'>-ως</span> <span class='ocrx_word' id='word_1_73' title='bbox 637 1656 671 1708; x_wconf 87' lang='lat' dir='ltr'>et</span> <span class='ocrx_word' id='word_1_74' title='bbox 692 1667 731 1706; x_wconf 84' lang='grc' dir='ltr'>-ω</span> <span class='ocrx_word' id='word_1_75' title='bbox 759 1645 911 1710; x_wconf 83' lang='lat' dir='ltr'>exeuntia</span> <span class='ocrx_word' id='word_1_76' title='bbox 934 1665 1036 1730; x_wconf 89' lang='lat' dir='ltr'>aeque</span> <span class='ocrx_word' id='word_1_77' title='bbox 1056 1665 1095 1708; x_wconf 89' lang='lat' dir='ltr'>ao</span> <span class='ocrx_word' id='word_1_78' title='bbox 1116 1643 1179 1706; x_wconf 88' lang='lat' dir='ltr'>La-</span> 
     </span>
     <span class='ocr_line' id='line_1_13' title="bbox 71 1741 1178 1812; baseline 0.005 -11"><span class='ocrx_word' id='word_1_79' title='bbox 71 1741 202 1806; x_wconf 88' lang='lat' dir='ltr'>tinorum</span> <span class='ocrx_word' id='word_1_80' title='bbox 226 1742 260 1804; x_wconf 94' lang='lat' dir='ltr'>in</span> <span class='ocrx_word' id='word_1_81' title='bbox 282 1749 314 1804; x_wconf 85' lang='lat' dir='ltr'>-o</span> <span class='ocrx_word' id='word_1_82' title='bbox 336 1749 367 1805; x_wconf 92' lang='lat' dir='ltr'>et</span> <span class='ocrx_word' id='word_1_83' title='bbox 389 1744 418 1806; x_wconf 74' lang='grc' dir='ltr'>-ὂ</span> <span class='ocrx_word' id='word_1_84' title='bbox 441 1750 473 1806; x_wconf 89' lang='lat' dir='ltr'>et</span> <span class='ocrx_word' id='word_1_85' title='bbox 491 1741 744 1809; x_wconf 78' lang='lat' dir='ltr'>Romanensium</span> <span class='ocrx_word' id='word_1_86' title='bbox 759 1745 795 1809; x_wconf 89' lang='lat' dir='ltr'>in</span> <span class='ocrx_word' id='word_1_87' title='bbox 821 1752 966 1812; x_wconf 90' lang='lat' dir='ltr'>·mentet</span> <span class='ocrx_word' id='word_1_88' title='bbox 984 1752 1104 1808; x_wconf 78' lang='lat' dir='ltr'>mente</span> <span class='ocrx_word' id='word_1_89' title='bbox 1128 1766 1178 1806; x_wconf 86' lang='lat' dir='ltr'>ca·</span> 
     </span>
     <span class='ocr_line' id='line_1_14' title="bbox 73 1837 926 1928; baseline 0.009 -26"><span class='ocrx_word' id='word_1_90' title='bbox 73 1837 170 1906; x_wconf 88' lang='lat' dir='ltr'>deutia</span> <span class='ocrx_word' id='word_1_91' title='bbox 190 1839 282 1906; x_wconf 92' lang='lat' dir='ltr'>illius</span> <span class='ocrx_word' id='word_1_92' title='bbox 305 1841 414 1928; x_wconf 87' lang='lat' dir='ltr'>speeie</span> <span class='ocrx_word' id='word_1_93' title='bbox 435 1842 500 1906; x_wconf 92' lang='lat' dir='ltr'>sint</span> <span class='ocrx_word' id='word_1_94' title='bbox 521 1841 642 1908; x_wconf 88' lang='lat' dir='ltr'>induta.</span> <span class='ocrx_word' id='word_1_95' title='bbox 925 1858 926 1863; x_wconf 76' lang='grc'>’</span> 
     </span>
    </p>
   </div>
   <div class='ocr_carea' id='block_1_3' title="bbox 114 2021 1124 2097">
    <p class='ocr_par' dir='ltr' id='par_1_4' title="bbox 114 2021 1124 2097">
     <span class='ocr_line' id='line_1_15' title="bbox 114 2021 1124 2097; baseline 0.002 -20"><span class='ocrx_word' id='word_1_96' title='bbox 114 2026 135 2088; x_wconf 71' lang='lat'>5.</span> <span class='ocrx_word' id='word_1_97' title='bbox 153 2025 177 2078; x_wconf 85' lang='grc'>6.</span> <span class='ocrx_word' id='word_1_98' title='bbox 213 2021 267 2075; x_wconf 87' lang='lat' dir='ltr'>De</span> <span class='ocrx_word' id='word_1_99' title='bbox 284 2022 466 2097; x_wconf 71' lang='lat' dir='ltr'>oduarii-ic</span> <span class='ocrx_word' id='word_1_100' title='bbox 481 2040 500 2076; x_wconf 84' lang='lat' dir='ltr'><strong>a</strong></span> <span class='ocrx_word' id='word_1_101' title='bbox 517 2021 694 2077; x_wconf 81' lang='lat' dir='ltr'>corborum</span> <span class='ocrx_word' id='word_1_102' title='bbox 708 2022 927 2093; x_wconf 66' lang='lat' dir='ltr'>participiis</span> <span class='ocrx_word' id='word_1_103' title='bbox 940 2022 1124 2093; x_wconf 81' lang='lat' dir='ltr'>prosectis.</span> 
     </span>
    </p>
   </div>
   <div class='ocr_carea' id='block_1_4' title="bbox 5 2171 1182 3648">
    <p class='ocr_par' dir='ltr' id='par_1_5' title="bbox 5 2171 1181 2835">
     <span class='ocr_line' id='line_1_16' title="bbox 142 2171 1177 2260; baseline 0.002 -24"><span class='ocrx_word' id='word_1_104' title='bbox 142 2171 338 2237; x_wconf 88' lang='lat' dir='ltr'>Proximum</span> <span class='ocrx_word' id='word_1_105' title='bbox 360 2181 409 2238; x_wconf 90' lang='lat' dir='ltr'>est</span> <span class='ocrx_word' id='word_1_106' title='bbox 429 2182 465 2238; x_wconf 91' lang='lat' dir='ltr'>ut</span> <span class='ocrx_word' id='word_1_107' title='bbox 479 2173 643 2240; x_wconf 85' lang='lat' dir='ltr'>adverbia</span> <span class='ocrx_word' id='word_1_108' title='bbox 670 2176 704 2238; x_wconf 85' lang='lat' dir='ltr'>in</span> <span class='ocrx_word' id='word_1_109' title='bbox 725 2195 784 2250; x_wconf 83' lang='grc' dir='ltr'>-ως</span> <span class='ocrx_word' id='word_1_110' title='bbox 806 2173 847 2239; x_wconf 91' lang='lat' dir='ltr'>ab</span> <span class='ocrx_word' id='word_1_111' title='bbox 876 2195 1069 2260; x_wconf 89' lang='lat' dir='ltr'>unoquoque</span> <span class='ocrx_word' id='word_1_112' title='bbox 1091 2173 1177 2256; x_wconf 88' lang='lat' dir='ltr'>adje-</span> 
     </span>
     <span class='ocr_line' id='line_1_17' title="bbox 20 2271 1180 2359; baseline 0.004 -25"><span class='ocrx_word' id='word_1_113' title='bbox 20 2283 23 2290; x_wconf 86' lang='grc'><strong>“</strong></span> <span class='ocrx_word' id='word_1_114' title='bbox 75 2271 225 2337; x_wconf 80' lang='lat' dir='ltr'>clivorum</span> <span class='ocrx_word' id='word_1_115' title='bbox 261 2293 381 2358; x_wconf 82' lang='lat' dir='ltr'>genere</span> <span class='ocrx_word' id='word_1_116' title='bbox 414 2282 597 2359; x_wconf 85' lang='lat' dir='ltr'>propagata</span> <span class='ocrx_word' id='word_1_117' title='bbox 621 2283 861 2341; x_wconf 79' lang='lat' dir='ltr'>recenseantur.</span> <span class='ocrx_word' id='word_1_118' title='bbox 901 2273 1023 2338; x_wconf 90' lang='lat' dir='ltr'>Verum</span> <span class='ocrx_word' id='word_1_119' title='bbox 1054 2272 1095 2336; x_wconf 90' lang='lat' dir='ltr'>de</span> <span class='ocrx_word' id='word_1_120' title='bbox 1117 2272 1180 2339; x_wconf 86' lang='lat' dir='ltr'>hac</span> 
     </span>
     <span class='ocr_line' id='line_1_18' title="bbox 75 2371 1178 2460; baseline 0.003 -27"><span class='ocrx_word' id='word_1_121' title='bbox 75 2379 165 2454; x_wconf 86' lang='lat' dir='ltr'>purte,</span> <span class='ocrx_word' id='word_1_122' title='bbox 188 2371 311 2460; x_wconf 89' lang='lat' dir='ltr'>quippe</span> <span class='ocrx_word' id='word_1_123' title='bbox 333 2393 417 2459; x_wconf 92' lang='lat' dir='ltr'>quae</span> <span class='ocrx_word' id='word_1_124' title='bbox 437 2373 471 2436; x_wconf 91' lang='lat' dir='ltr'>in</span> <span class='ocrx_word' id='word_1_125' title='bbox 494 2373 779 2458; x_wconf 85' lang='lat' dir='ltr'>grammaticorum</span> <span class='ocrx_word' id='word_1_126' title='bbox 802 2373 927 2440; x_wconf 86' lang='lat' dir='ltr'>artibus</span> <span class='ocrx_word' id='word_1_127' title='bbox 954 2375 1001 2437; x_wconf 88' lang='lat' dir='ltr'>ita</span> <span class='ocrx_word' id='word_1_128' title='bbox 1022 2373 1093 2459; x_wconf 83' lang='lat' dir='ltr'>jam</span> <span class='ocrx_word' id='word_1_129' title='bbox 1114 2381 1178 2437; x_wconf 83' lang='lat' dir='ltr'>tra-</span> 
     </span>
     <span class='ocr_line' id='line_1_19' title="bbox 78 2470 1177 2560; baseline 0.004 -29"><span class='ocrx_word' id='word_1_130' title='bbox 78 2477 154 2534; x_wconf 85' lang='lat' dir='ltr'>ctata</span> <span class='ocrx_word' id='word_1_131' title='bbox 167 2472 281 2553; x_wconf 52' lang='lat' dir='ltr'>sitsut</span> <span class='ocrx_word' id='word_1_132' title='bbox 298 2470 379 2536; x_wconf 89' lang='lat' dir='ltr'>nihil</span> <span class='ocrx_word' id='word_1_133' title='bbox 399 2472 476 2537; x_wconf 89' lang='lat' dir='ltr'>novi</span> <span class='ocrx_word' id='word_1_134' title='bbox 499 2470 685 2538; x_wconf 89' lang='lat' dir='ltr'>addendum</span> <span class='ocrx_word' id='word_1_135' title='bbox 707 2472 867 2556; x_wconf 83' lang='lat' dir='ltr'>videatur,</span> <span class='ocrx_word' id='word_1_136' title='bbox 889 2472 985 2560; x_wconf 85' lang='lat' dir='ltr'>plura</span> <span class='ocrx_word' id='word_1_137' title='bbox 1006 2471 1109 2536; x_wconf 86' lang='lat' dir='ltr'>verba</span> <span class='ocrx_word' id='word_1_138' title='bbox 1131 2472 1177 2536; x_wconf 87' lang='lat' dir='ltr'>fa·</span> 
     </span>
     <span class='ocr_line' id='line_1_20' title="bbox 75 2567 1179 2657; baseline 0.005 -26"><span class='ocrx_word' id='word_1_139' title='bbox 75 2589 136 2633; x_wconf 87' lang='lat' dir='ltr'>cere</span> <span class='ocrx_word' id='word_1_140' title='bbox 158 2567 315 2635; x_wconf 89' lang='lat' dir='ltr'>hocloco</span> <span class='ocrx_word' id='word_1_141' title='bbox 337 2592 402 2635; x_wconf 91' lang='lat' dir='ltr'>non</span> <span class='ocrx_word' id='word_1_142' title='bbox 424 2592 507 2657; x_wconf 91' lang='lat' dir='ltr'>opus</span> <span class='ocrx_word' id='word_1_143' title='bbox 529 2581 587 2636; x_wconf 91' lang='lat' dir='ltr'>est.</span> <span class='ocrx_word' id='word_1_144' title='bbox 629 2572 668 2636; x_wconf 88' lang='lat' dir='ltr'>In</span> <span class='ocrx_word' id='word_1_145' title='bbox 695 2571 860 2638; x_wconf 84' lang='lat' dir='ltr'>adverbiis</span> <span class='ocrx_word' id='word_1_146' title='bbox 889 2582 997 2637; x_wconf 89' lang='lat' dir='ltr'>autem</span> <span class='ocrx_word' id='word_1_147' title='bbox 1023 2571 1179 2636; x_wconf 87' lang='lat' dir='ltr'>averbo-</span> 
     </span>
     <span class='ocr_line' id='line_1_21' title="bbox 74 2663 1181 2758; baseline 0.003 -26"><span class='ocrx_word' id='word_1_148' title='bbox 74 2688 135 2732; x_wconf 88' lang='lat' dir='ltr'>rum</span> <span class='ocrx_word' id='word_1_149' title='bbox 155 2670 342 2758; x_wconf 76' lang='lat' dir='ltr'>participiis</span> <span class='ocrx_word' id='word_1_150' title='bbox 362 2663 517 2755; x_wconf 78' lang='lat' dir='ltr'>profectis</span> <span class='ocrx_word' id='word_1_151' title='bbox 531 2671 715 2736; x_wconf 87' lang='lat' dir='ltr'>accuratius</span> <span class='ocrx_word' id='word_1_152' title='bbox 730 2670 989 2756; x_wconf 74' lang='lat' dir='ltr'>contemplandis</span> <span class='ocrx_word' id='word_1_153' title='bbox 1002 2670 1181 2758; x_wconf 89' lang='lat' dir='ltr'>paullisper</span> 
     </span>
     <span class='ocr_line' id='line_1_22' title="bbox 5 2768 486 2835; baseline 0.004 -3"><span class='ocrx_word' id='word_1_154' title='bbox 5 2807 7 2814; x_wconf 68' lang='lat'><em>,</em></span> <span class='ocrx_word' id='word_1_155' title='bbox 75 2769 259 2834; x_wconf 86' lang='lat' dir='ltr'>commorari</span> <span class='ocrx_word' id='word_1_156' title='bbox 278 2768 359 2834; x_wconf 92' lang='lat' dir='ltr'>mihi</span> <span class='ocrx_word' id='word_1_157' title='bbox 380 2768 486 2835; x_wconf 80' lang='lat' dir='ltr'>liceat.</span> 
     </span>
    </p>

    <p class='ocr_par' dir='ltr' id='par_1_6' title="bbox 72 2865 1182 3648">
     <span class='ocr_line' id='line_1_23' title="bbox 145 2865 1180 2956; baseline 0.003 -24"><span class='ocrx_word' id='word_1_158' title='bbox 145 2865 177 2932; x_wconf 88' lang='lat' dir='ltr'>A</span> <span class='ocrx_word' id='word_1_159' title='bbox 205 2866 382 2934; x_wconf 86' lang='lat' dir='ltr'>verborum</span> <span class='ocrx_word' id='word_1_160' title='bbox 414 2868 599 2956; x_wconf 81' lang='lat' dir='ltr'>participiis</span> <span class='ocrx_word' id='word_1_161' title='bbox 631 2868 788 2935; x_wconf 86' lang='lat' dir='ltr'>adverbia</span> <span class='ocrx_word' id='word_1_162' title='bbox 814 2870 850 2934; x_wconf 92' lang='lat' dir='ltr'>in</span> <span class='ocrx_word' id='word_1_163' title='bbox 875 2889 937 2943; x_wconf 85' lang='grc' dir='ltr'>-ως</span> <span class='ocrx_word' id='word_1_164' title='bbox 960 2890 1057 2956; x_wconf 90' lang='lat' dir='ltr'>posse</span> <span class='ocrx_word' id='word_1_165' title='bbox 1085 2869 1180 2956; x_wconf 88' lang='lat' dir='ltr'>profi·</span> 
     </span>
     <span class='ocr_line' id='line_1_24' title="bbox 76 2965 1180 3054; baseline 0.004 -25"><span class='ocrx_word' id='word_1_166' title='bbox 76 2965 144 3030; x_wconf 86' lang='lat' dir='ltr'>uisci</span> <span class='ocrx_word' id='word_1_167' title='bbox 162 2989 230 3032; x_wconf 92' lang='lat' dir='ltr'>non</span> <span class='ocrx_word' id='word_1_168' title='bbox 251 2965 383 3053; x_wconf 91' lang='lat' dir='ltr'>quidem</span> <span class='ocrx_word' id='word_1_169' title='bbox 405 2977 462 3050; x_wconf 88' lang='lat' dir='ltr'>est,</span> <span class='ocrx_word' id='word_1_170' title='bbox 485 2967 572 3052; x_wconf 90' lang='lat' dir='ltr'>quod</span> <span class='ocrx_word' id='word_1_171' title='bbox 593 2968 764 3051; x_wconf 83' lang='lat' dir='ltr'>miremur3</span> <span class='ocrx_word' id='word_1_172' title='bbox 792 2969 982 3054; x_wconf 85' lang='lat' dir='ltr'>saepissime</span> <span class='ocrx_word' id='word_1_173' title='bbox 1011 2969 1097 3032; x_wconf 90' lang='lat' dir='ltr'>enim</span> <span class='ocrx_word' id='word_1_174' title='bbox 1124 2967 1180 3033; x_wconf 89' lang='lat' dir='ltr'>ad-</span> 
     </span>
     <span class='ocr_line' id='line_1_25' title="bbox 72 3062 1180 3155; baseline 0.005 -28"><span class='ocrx_word' id='word_1_175' title='bbox 72 3062 258 3147; x_wconf 82' lang='lat' dir='ltr'>jectivorum</span> <span class='ocrx_word' id='word_1_176' title='bbox 274 3067 309 3130; x_wconf 86' lang='lat' dir='ltr'>vi</span> <span class='ocrx_word' id='word_1_177' title='bbox 334 3088 374 3132; x_wconf 88' lang='lat' dir='ltr'>ac</span> <span class='ocrx_word' id='word_1_178' title='bbox 394 3074 513 3132; x_wconf 84' lang='lat' dir='ltr'>natura</span> <span class='ocrx_word' id='word_1_179' title='bbox 527 3067 706 3155; x_wconf 86' lang='lat' dir='ltr'>participia</span> <span class='ocrx_word' id='word_1_180' title='bbox 716 3067 867 3153; x_wconf 88' lang='lat' dir='ltr'>praedita</span> <span class='ocrx_word' id='word_1_181' title='bbox 882 3075 962 3132; x_wconf 89' lang='lat' dir='ltr'>sunt</span> <span class='ocrx_word' id='word_1_182' title='bbox 1006 3065 1180 3153; x_wconf 83' lang='lat' dir='ltr'>Ejusmodi</span> 
     </span>
     <span class='ocr_line' id='line_1_26' title="bbox 76 3165 1180 3254; baseline 0.006 -30"><span class='ocrx_word' id='word_1_183' title='bbox 76 3172 173 3228; x_wconf 89' lang='lat' dir='ltr'>autem</span> <span class='ocrx_word' id='word_1_184' title='bbox 194 3165 324 3249; x_wconf 87' lang='lat' dir='ltr'>generis</span> <span class='ocrx_word' id='word_1_185' title='bbox 345 3187 514 3229; x_wconf 90' lang='lat' dir='ltr'>numerum</span> <span class='ocrx_word' id='word_1_186' title='bbox 537 3165 789 3254; x_wconf 89' lang='lat' dir='ltr'>haudquaquam</span> <span class='ocrx_word' id='word_1_187' title='bbox 808 3166 1053 3250; x_wconf 84' lang='lat' dir='ltr'>esseexiguum,</span> <span class='ocrx_word' id='word_1_188' title='bbox 1077 3167 1180 3252; x_wconf 92' lang='lat' dir='ltr'>prius·</span> 
     </span>
     <span class='ocr_line' id='line_1_27' title="bbox 77 3262 1181 3351; baseline 0.004 -25"><span class='ocrx_word' id='word_1_189' title='bbox 77 3281 163 3346; x_wconf 84' lang='lat' dir='ltr'>quam</span> <span class='ocrx_word' id='word_1_190' title='bbox 184 3262 262 3328; x_wconf 89' lang='lat' dir='ltr'>huic</span> <span class='ocrx_word' id='word_1_191' title='bbox 283 3264 332 3328; x_wconf 88' lang='lat' dir='ltr'>rei</span> <span class='ocrx_word' id='word_1_192' title='bbox 356 3284 490 3350; x_wconf 88' lang='lat' dir='ltr'>operam</span> <span class='ocrx_word' id='word_1_193' title='bbox 509 3265 690 3351; x_wconf 87' lang='lat' dir='ltr'>coepissem</span> <span class='ocrx_word' id='word_1_194' title='bbox 703 3286 836 3348; x_wconf 84' lang='lat' dir='ltr'>navare,</span> <span class='ocrx_word' id='word_1_195' title='bbox 858 3287 909 3328; x_wconf 93' lang='lat' dir='ltr'>me</span> <span class='ocrx_word' id='word_1_196' title='bbox 922 3263 1027 3331; x_wconf 92' lang='lat' dir='ltr'>latuit.</span> <span class='ocrx_word' id='word_1_197' title='bbox 1069 3266 1181 3350; x_wconf 88' lang='lat' dir='ltr'>Neque</span> 
     </span>
     <span class='ocr_line' id='line_1_28' title="bbox 76 3361 1181 3452; baseline 0.006 -30"><span class='ocrx_word' id='word_1_198' title='bbox 76 3361 152 3425; x_wconf 88' lang='lat' dir='ltr'>enim</span> <span class='ocrx_word' id='word_1_199' title='bbox 174 3363 351 3449; x_wconf 79' lang='lat' dir='ltr'>expausis</span> <span class='ocrx_word' id='word_1_200' title='bbox 374 3361 438 3428; x_wconf 91' lang='lat' dir='ltr'>illis</span> <span class='ocrx_word' id='word_1_201' title='bbox 460 3361 619 3450; x_wconf 85' lang='lat' dir='ltr'>exemplis</span> <span class='ocrx_word' id='word_1_202' title='bbox 641 3385 661 3428; x_wconf 92' lang='lat' dir='ltr'><strong>a</strong></span> <span class='ocrx_word' id='word_1_203' title='bbox 681 3361 877 3429; x_wconf 84' lang='lat' dir='ltr'>Buttmcnno</span> <span class='ocrx_word' id='word_1_204' title='bbox 899 3362 1181 3452; x_wconf 69' lang='lat' dir='ltr'>Lobeckioque21)</span> 
     </span>
     <span class='ocr_line' id='line_1_29' title="bbox 77 3457 1182 3552; baseline 0.006 -30"><span class='ocrx_word' id='word_1_205' title='bbox 77 3471 103 3522; x_wconf 88' lang='lat' dir='ltr'>et</span> <span class='ocrx_word' id='word_1_206' title='bbox 121 3457 291 3547; x_wconf 87' lang='lat' dir='ltr'>Kruegero</span> <span class='ocrx_word' id='word_1_207' title='bbox 301 3462 343 3541; x_wconf 74' lang='lat'>22)</span> <span class='ocrx_word' id='word_1_208' title='bbox 365 3463 400 3528; x_wconf 92' lang='lat' dir='ltr'>in</span> <span class='ocrx_word' id='word_1_209' title='bbox 417 3461 559 3528; x_wconf 91' lang='lat' dir='ltr'>medium</span> <span class='ocrx_word' id='word_1_210' title='bbox 576 3462 714 3551; x_wconf 89' lang='lat' dir='ltr'>prolatis</span> <span class='ocrx_word' id='word_1_211' title='bbox 735 3472 859 3530; x_wconf 91' lang='lat' dir='ltr'>tantam</span> <span class='ocrx_word' id='word_1_212' title='bbox 873 3463 1019 3529; x_wconf 88' lang='lat' dir='ltr'>conicere</span> <span class='ocrx_word' id='word_1_213' title='bbox 1034 3474 1182 3552; x_wconf 88' lang='lat' dir='ltr'>poteram</span> 
     </span>
     <span class='ocr_line' id='line_1_30' title="bbox 76 3549 1181 3648; baseline 0.008 -28"><span class='ocrx_word' id='word_1_214' title='bbox 76 3549 266 3646; x_wconf 83' lang='lat' dir='ltr'>farraginem</span> <span class='ocrx_word' id='word_1_215' title='bbox 287 3569 442 3646; x_wconf 89' lang='lat' dir='ltr'>quantam</span> <span class='ocrx_word' id='word_1_216' title='bbox 470 3584 530 3648; x_wconf 87' lang='lat' dir='ltr'>ego</span> <span class='ocrx_word' id='word_1_217' title='bbox 553 3561 680 3648; x_wconf 86' lang='lat' dir='ltr'>collegi.</span> <span class='ocrx_word' id='word_1_218' title='bbox 724 3561 830 3643; x_wconf 78' lang='lat' dir='ltr'>Quam</span> <span class='ocrx_word' id='word_1_219' title='bbox 860 3564 887 3628; x_wconf 93' lang='lat' dir='ltr'>si</span> <span class='ocrx_word' id='word_1_220' title='bbox 915 3563 1091 3628; x_wconf 89' lang='lat' dir='ltr'>seeundum</span> <span class='ocrx_word' id='word_1_221' title='bbox 1110 3586 1181 3629; x_wconf 88' lang='lat' dir='ltr'>ver·</span> 
     </span>
    </p>
   </div>
   <div class='ocr_carea' id='block_1_5' title="bbox 75 3653 1254 3847">
    <p class='ocr_par' dir='ltr' id='par_1_7' title="bbox 75 3653 1254 3847">
     <span class='ocr_line' id='line_1_31' title="bbox 75 3653 1254 3751; baseline 0.008 -32"><span class='ocrx_word' id='word_1_222' title='bbox 75 3653 183 3722; x_wconf 89' lang='lat' dir='ltr'>borum</span> <span class='ocrx_word' id='word_1_223' title='bbox 204 3669 236 3725; x_wconf 92' lang='lat' dir='ltr'>et</span> <span class='ocrx_word' id='word_1_224' title='bbox 256 3668 406 3748; x_wconf 89' lang='lat' dir='ltr'>tempora</span> <span class='ocrx_word' id='word_1_225' title='bbox 425 3667 457 3725; x_wconf 81' lang='lat' dir='ltr'>e&#39;t</span> <span class='ocrx_word' id='word_1_226' title='bbox 479 3663 659 3748; x_wconf 86' lang='lat' dir='ltr'>categorias</span> <span class='ocrx_word' id='word_1_227' title='bbox 684 3661 891 3728; x_wconf 87' lang='lat' dir='ltr'>athematum</span> <span class='ocrx_word' id='word_1_228' title='bbox 907 3669 1024 3726; x_wconf 86' lang='lat' dir='ltr'>natura</span> <span class='ocrx_word' id='word_1_229' title='bbox 1036 3671 1183 3751; x_wconf 90' lang='lat' dir='ltr'>sumptas</span> <span class='ocrx_word' id='word_1_230' title='bbox 1250 3675 1254 3684; x_wconf 85' lang='lat'>&#39;</span> 
     </span>
     <span class='ocr_line' id='line_1_32' title="bbox 78 3753 1183 3847; baseline 0.005 -27"><span class='ocrx_word' id='word_1_231' title='bbox 78 3753 279 3824; x_wconf 84' lang='lat' dir='ltr'>distributam</span> <span class='ocrx_word' id='word_1_232' title='bbox 302 3759 481 3847; x_wconf 85' lang='lat' dir='ltr'>protulero,</span> <span class='ocrx_word' id='word_1_233' title='bbox 503 3761 592 3827; x_wconf 87' lang='lat' dir='ltr'>haud</span> <span class='ocrx_word' id='word_1_234' title='bbox 618 3760 765 3827; x_wconf 90' lang='lat' dir='ltr'>inutilem</span> <span class='ocrx_word' id='word_1_235' title='bbox 785 3769 881 3827; x_wconf 84' lang='lat' dir='ltr'>-at</span> <span class='ocrx_word' id='word_1_236' title='bbox 908 3760 1052 3847; x_wconf 90' lang='lat' dir='ltr'>profecto</span> <span class='ocrx_word' id='word_1_237' title='bbox 1087 3760 1183 3828; x_wconf 90' lang='lat' dir='ltr'>mole-</span> 
     </span>
    </p>
   </div>
   <div class='ocr_carea' id='block_1_6' title="bbox 81 3890 274 3905">
    <p class='ocr_par' dir='ltr' id='par_1_8' title="bbox 81 3890 274 3905">
     <span class='ocr_line' id='line_1_33' title="bbox 81 3890 274 3905; baseline 0 -1"><span class='ocrx_word' id='word_1_238' title='bbox 81 3890 274 3905; x_wconf 44' lang='lat' dir='ltr'><strong>*ut-—</strong></span> 
     </span>
    </p>
   </div>
   <div class='ocr_carea' id='block_1_7' title="bbox 123 3945 949 4130">
    <p class='ocr_par' dir='ltr' id='par_1_9' title="bbox 123 3945 949 4130">
     <span class='ocr_line' id='line_1_34' title="bbox 123 3945 949 4048; baseline 0.004 -21"><span class='ocrx_word' id='word_1_239' title='bbox 123 3975 166 4040; x_wconf 79' lang='lat'>20)</span> <span class='ocrx_word' id='word_1_240' title='bbox 185 3972 224 4031; x_wconf 83' lang='lat' dir='ltr'>Cf.</span> <span class='ocrx_word' id='word_1_241' title='bbox 237 3975 331 4030; x_wconf 85' lang='lat' dir='ltr'>Fuchs</span> <span class='ocrx_word' id='word_1_242' title='bbox 349 3973 499 4030; x_wconf 84' lang='lat' dir='ltr'>Lehrbuch</span> <span class='ocrx_word' id='word_1_243' title='bbox 515 3971 564 4029; x_wconf 85' lang='lat' dir='ltr'>der</span> <span class='ocrx_word' id='word_1_244' title='bbox 580 3991 658 4048; x_wconf 87' lang='lat' dir='ltr'>span.</span> <span class='ocrx_word' id='word_1_245' title='bbox 677 3975 793 4048; x_wconf 87' lang='lat' dir='ltr'>sprache</span> <span class='ocrx_word' id='word_1_246' title='bbox 810 3993 838 4047; x_wconf 90' lang='lat' dir='ltr'>p.</span> <span class='ocrx_word' id='word_1_247' title='bbox 859 3979 914 4031; x_wconf 84' lang='grc'><strong>136.</strong></span> <span class='ocrx_word' id='word_1_248' title='bbox 947 3945 949 3949; x_wconf 24' lang='lat'><strong>¹</strong></span> 
     </span>
     <span class='ocr_line' id='line_1_35' title="bbox 124 4055 502 4130; baseline 0.016 -22"><span class='ocrx_word' id='word_1_249' title='bbox 124 4057 167 4124; x_wconf 77' lang='lat'>21)</span> <span class='ocrx_word' id='word_1_250' title='bbox 188 4055 306 4114; x_wconf 74' lang='lat' dir='ltr'>samm.</span> <span class='ocrx_word' id='word_1_251' title='bbox 327 4056 378 4113; x_wconf 82' lang='lat'><em>²11.</em></span> <span class='ocrx_word' id='word_1_252' title='bbox 396 4075 423 4130; x_wconf 85' lang='lat' dir='ltr'>p.</span> <span class='ocrx_word' id='word_1_253' title='bbox 444 4061 502 4114; x_wconf 78' lang='lat' dir='ltr'>arc.</span> 
     </span>
    </p>
   </div>
   <div class='ocr_carea' id='block_1_8' title="bbox 124 4139 971 4276">
    <p class='ocr_par' dir='ltr' id='par_1_10' title="bbox 124 4139 971 4276">
     <span class='ocr_line' id='line_1_36' title="bbox 124 4139 971 4276; baseline 0.004 -82"><span class='ocrx_word' id='word_1_254' title='bbox 124 4141 166 4210; x_wconf 77' lang='grc'>22)</span> <span class='ocrx_word' id='word_1_255' title='bbox 184 4141 301 4201; x_wconf 81' lang='lat' dir='ltr'>(lramm.</span> <span class='ocrx_word' id='word_1_256' title='bbox 319 4139 341 4198; x_wconf 93' lang='lat'>1.</span> <span class='ocrx_word' id='word_1_257' title='bbox 358 4159 386 4214; x_wconf 92' lang='lat' dir='ltr'>p.</span> <span class='ocrx_word' id='word_1_258' title='bbox 405 4145 464 4197; x_wconf 76' lang='lat'>205.</span> <span class='ocrx_word' id='word_1_259' title='bbox 484 4147 508 4208; x_wconf 68' lang='grc' dir='ltr'>ξ.</span> <span class='ocrx_word' id='word_1_260' title='bbox 523 4145 563 4198; x_wconf 75' lang='grc'>41.</span> <span class='ocrx_word' id='word_1_261' title='bbox 585 4145 623 4197; x_wconf 82' lang='grc'>12.</span> <span class='ocrx_word' id='word_1_262' title='bbox 641 4141 715 4196; x_wconf 86' lang='lat' dir='ltr'>Adn.</span> <span class='ocrx_word' id='word_1_263' title='bbox 733 4147 759 4196; x_wconf 78' lang='lat'>4.</span> <span class='ocrx_word' id='word_1_264' title='bbox 955 4228 971 4276; x_wconf 65' lang='grc'>6</span> 
     </span>
    </p>
   </div>
   <div class='ocr_carea' id='block_1_9' title="bbox 0 0 1542 4962">
    <p class='ocr_par' dir='ltr' id='par_1_11' title="bbox 0 0 1542 4962">
     <span class='ocr_line' id='line_1_37' title="bbox 0 0 1542 4962; baseline 0 0"><span class='ocrx_word' id='word_1_265' title='bbox 0 0 1542 4962; x_wconf 95' lang='lat' dir='ltr'> </span> 
     </span>
    </p>
   </div>
  </div>
 </body>
</html>
