3008 4968
850 443 910 506 200

321 624 405 710 lego,
428 626 490 689 nisi
511 623 597 711 quod
620 625 770 710 spiritum
790 623 894 688 lenem
916 625 949 685 in
972 644 1123 709 asperum
1147 621 1272 684 mutavi
1287 622 1321 700 5),
1344 627 1428 706 que'm

324 725 447 788 Taetza
468 723 605 787 tradidit
632 725 667 786 in
696 714 902 787 κ’ὠττόλλων.
922 759 964 768 -
983 719 1123 786 Articuli
1153 719 1363 784 coalescentis
1383 741 1428 782 ex·

323 823 431 909 empla
455 823 571 888 habes:
592 822 691 887 Arch.
712 833 752 888 tr.
774 829 824 904 50,
849 829 862 887 1
886 813 985 900 τάμά.
1028 821 1106 884 Sim.
1129 825 1165 902 7,
1191 823 1249 886 413
1270 809 1428 900 τούτὲρου,

323 923 409 1011 quod
435 923 524 1008 apud
545 922 672 987 Atticos
694 913 848 1003 θάτέρου·
873 932 976 985 sonat.
1029 919 1291 985 Contractionem
1322 927 1430 999 autem,

323 1021 429 1109 qualis
458 1031 597 1109 apparet
617 1019 717 1086 Arch.
747 1043 798 1108 ep.
821 1027 878 1103 93,
909 1027 927 1087 2
949 1022 983 1084 in
1003 1011 1118 1104 τήτέρῃ
1140 1017 1217 1095 (vid.
1240 1017 1375 1102 Bergk.)
1394 1016 1429 1080 ab

321 1120 456 1186 Ionibus
482 1143 548 1186 non
577 1120 717 1185 alienam
746 1121 846 1184 fuisse
869 1119 965 1184 docet
993 1118 1104 1183 titulus
1134 1118 1235 1182 Teius
1262 1123 1358 1194 3044,
1383 1115 1431 1180 ubi
1497 1167 1498 1173 1

321 1221 439 1307 legitur
461 1219 490 1284 A
514 1227 571 1288 23:
601 1215 635 1282 ἐν
658 1211 810 1305 τῆπάρῃ,
843 1226 896 1287 35;
923 1213 943 1301 ἡ
966 1209 1082 1302 ’τιάρῃ
1125 1217 1252 1297 Quibus
1283 1214 1430 1301 exemplis

324 1321 523 1385 simillimum
546 1329 595 1384 est
615 1319 713 1384 Arch.
737 1329 776 1385 tr.
800 1326 879 1400 24‚1
905 1311 945 1403 δή
973 1309 1155 1397 ’πίκουρος.
1197 1316 1301 1382 Porro
1322 1315 1430 1400 legitur

322 1419 421 1484 Aroh.
452 1429 522 1483 tetr.
551 1424 605 1486 85:
635 1407 663 1480 oi
683 1411 786 1499 'ccipe
814 1417 1004 1505 (Hephaest.
1036 1415 1103 1482 FO
1127 1409 1255 1497 ἑταῖρε).
1299 1415 1351 1479 De
1376 1415 1430 1478 lor-

322 1519 384 1582 mis
415 1510 605 1601 προῦθηκε,
637 1509 825 1600 προῦπινον
854 1519 919 1582 iam
945 1521 976 1598 ξ.
1002 1522 1038 1598 8,
1069 1515 1129 1590 3b)
1161 1513 1264 1578 verba
1296 1515 1430 1578 fecimus.

323 1617 475 1703 Denique
510 1605 624 1699 δηῦτε,
659 1616 755 1681 modo
792 1641 833 1681 ex
861 1613 900 1702 δὴ
937 1605 1013 1678 αὖτε
1031 1618 1055 1694 ⁶)
1084 1624 1195 1678 natum
1224 1615 1283 1696 sit,
1318 1612 1431 1677 inveni·

203 1713 206 1723 ’
323 1733 408 1778 mus:
440 1714 539 1780 Arch.
572 1725 643 1780 tctr.
667 1723 706 1783 60
729 1725 760 1779 et
783 1715 885 1802 Hipp.
913 1726 984 1780 tetr.
1008 1721 1055 1782 78.
1098 1715 1172 1779 Non
1197 1721 1307 1778 tamen
1333 1711 1431 1796 negle-

324 1813 467 1900 gendum
489 1825 550 1894 est,
580 1824 750 1902 utrumque
772 1813 877 1880 locum
902 1838 943 1878 ex
964 1815 1161 1878 tetrametris
1185 1824 1346 1899 sumptum
1368 1833 1432 1874 esse

324 1923 422 2001 atque
444 1911 540 1997 δηῦτε
559 1913 698 1978 fortasse
719 1915 840 1978 rectius
864 1915 933 1978 sine
955 1912 1109 1979 coronide
1133 1911 1233 1977 scribi
1240 1959 1249 1993 ,
1278 1933 1347 1976 cum
1369 1913 1430 1974 eius
1499 1977 1500 1982 ,

213 2099 215 2105 Ι
325 2013 417 2102 origo
438 2014 503 2076 iam
525 2022 650 2076 mature
671 2012 857 2077 oblitterata
887 2035 959 2076 esse
980 2012 1145 2094 videatur,
1174 2014 1221 2077 ita
1247 2020 1284 2076 ut
1312 2033 1430 2096 semper

324 2113 390 2176 vim
412 2113 506 2176 unius
526 2112 594 2176 fere
617 2111 798 2199 particulae
819 2111 955 2176 haberet
970 2115 1005 2191 ⁷).

385 2210 484 2297 Apud
511 2210 677 2294 Solonem,
707 2215 764 2298 qui
794 2213 935 2298 patriam
964 2210 1137 2276 dialectum
1167 2211 1329 2295 sequitur,
1358 2209 1430 2273 hacc
1499 2246 1500 2266 r

324 2312 426 2374 orasis
449 2310 600 2400 exempla
622 2309 852 2398 deprehendis:
875 2321 948 2377 tetr.
961 2319 1011 2395 33,
1024 2319 1042 2378 7
1057 2302 1331 2394 κάπιτετρῖφθαι.
1352 2310 1428 2372 trim.

324 2415 381 2489 36,
406 2415 456 2474 16;
489 2400 642 2493 κάγαθῷ.
686 2418 741 2492 37,
764 2419 796 2476 5:
825 2413 892 2473 τῶν
913 2402 1038 2488 οὕνεκ’,
1074 2435 1137 2498 quo
1159 2411 1231 2475 loco
1253 2419 1360 2474 tamen
1377 2408 1428 2472 vix
1499 2421 1500 2480 j

324 2506 365 2571 de
385 2509 482 2572 vivae
504 2511 607 2604 orasis
627 2531 687 2574 usu
709 2511 847 2595 cogitari
869 2521 984 2596 potest.

570 2755 653 2839 DE
686 2760 1191 2842 DECLINATIONE.

832 2930 860 3007 §-
886 2933 931 2993 ιο.

322 3088 380 3153 De
401 3089 672 3156 declinatione
688 3093 823 3178 priore
839 3093 878 3155 in
894 3091 1166 3169 vocalem(otet
1180 3096 1210 3168 o)
1223 3092 1386 3157 exeunti
1401 3091 1426 3164 ¹).

279 3255 287 3274 '
388 3255 491 3347 llDe
512 3278 533 3318 α
555 3257 662 3322 vocali
683 3259 717 3322 in
739 3282 757 3344 η
781 3267 908 3324 mutata
927 3259 992 3324 iam
1013 3281 1114 3344 supra
1136 3257 1288 3323 diximus,
1330 3259 1366 3323 In
1384 3276 1426 3318 rs-
1499 3255 1500 3272 ³

322 3352 417 3417 licuis
439 3354 549 3439 igitur,
572 3379 746 3444 quamnam
767 3359 935 3422 rationem.
948 3367 1066 3444 poetae
1088 3358 1229 3442 ingrcssi
1251 3359 1325 3440 sint,
1345 3354 1425 3420 nobis

322 3451 549 3537 inquirendum
570 3465 628 3520 est.

390 3687 416 3752 5)
435 3683 577 3748 Quomodo
597 3685 736 3757 Bergkius
761 3687 797 3741 ad
820 3687 852 3742 fr.
871 3692 918 3756 45,
938 3691 975 3752 1:,
990 3687 1020 3740 in
1040 3686 1177 3744 ὠπόλλων
1200 3688 1325 3758 spiritum
1348 3689 1424 3742 lenem
1499 3663 1500 3694 ³

323 3767 407 3822 allato
424 3769 558 3838 Apolloni
577 3769 694 3840 Dyscoli
711 3769 772 3825 loco
794 3772 984 3826 commendare
1001 3771 1096 3840 possit,
1114 3788 1171 3825 non
1189 3771 1328 3843 intellego.

390 3855 416 4002 pp
434 3853 580 4008 {ffulngpl
586 3854 677 3991 Lpppe
691 3871 746 3908 von
760 3855 815 3908 dan
825 3854 969 3908 Partilreln
987 3855 1036 3908 der
1048 3855 1150 3925 griech.
1165 3855 1288 3927 Sprache
1306 3855 1326 3926 1,
1342 3873 1368 3926 p.
1377 3854 1422 3906 323.
1499 3891 1500 3918 3

497 3978 503 3990 .
536 3977 543 4006 ,
584 3979 589 3992 .
661 3981 666 3992 .

392 4022 416 4084 1)
434 4018 502 4074 Inde
520 4021 557 4074 ab
580 4023 633 4076 hac
650 4028 672 4088 ἓ.
691 4022 721 4075 in
743 4022 916 4093 disponenda
937 4023 1053 4078 materia
1074 4022 1109 4079 G.
1132 4023 1210 4078 Curti
1232 4023 1422 4094 grammaticam

323 4099 370 4156 Gr.
389 4107 499 4156 secutus
516 4121 584 4162 sum.
930 4127 933 4132 ¹
