3148 4958
644 406 680 468 ii

106 578 214 669 ἔληγεν
237 575 283 658 ὡς
306 577 441 660 Μίνως,
474 575 572 646 Μίνω
597 575 768 667 Μινῴδης·
790 563 877 668 ἥρως
899 575 964 668 ἥρω
992 575 1157 668 ἡρῴόηςέί
1180 619 1217 630 -

106 685 197 750 Recte
231 685 437 772 comparavit
464 683 550 750 Orus
579 676 698 759 Μίνως
725 693 757 748 et
781 677 883 770 ἣρωςς
911 707 987 750 num
1015 685 1084 748 sine
1118 681 1217 748 dubio

108 775 321 868 Είρυντῴδης,
352 783 439 871 quod
458 785 527 871 quis
550 784 758 868 usurpaverit
777 784 958 865 nescimus,
987 805 1029 848 ex
1059 773 1220 862 Εὗρίπως

106 883 300 948 nominativo
332 881 542 969 repetendum
570 891 633 957 eutr
651 873 824 964 ,Εὖρίννως
851 892 957 948 sutem
989 893 1021 948 et
1048 873 1219 963 Εὐρνπιῦν,

108 1004 181 1067 quae
206 992 256 1046 est
284 983 405 1048 usitata
426 982 544 1064 forma,
570 1004 612 1046 ex
633 1005 678 1062 pa
698 981 809 1046 radios
840 982 892 1057 (cf.
916 982 1048 1049 Curtius
1071 979 1216 1048 Grundu.

110 1104 135 1146 n.
155 1087 240 1163 377),
263 1103 446 1167 quanquam
475 1080 614 1146 diversis
637 1081 779 1164 suffixis,
807 1079 904 1146 ductu
926 1090 1008 1146 sunt.
1051 1081 1089 1146 In
1112 1071 1219 1160 Εὐρυ-

110 1181 174 1242 ωῦν
201 1182 329 1258 (circus)
357 1182 443 1246 enim
465 1193 538 1244 uam
560 1181 713 1246 suffixum
734 1181 840 1246 inesse
862 1180 1001 1263 videtur,
1024 1179 1081 1245 sed
1103 1181 1137 1244 in
1159 1171 1219 1242 Εί-

109 1272 213 1360 ρύπως
238 1303 277 1341 va
300 1279 452 1346 suffixum
474 1302 515 1344 ex
539 1293 656 1368 quoru
679 1279 814 1368 adjectis
836 1293 910 1342 vunt
928 1279 1159 1366 amplificatum
1171 1289 1219 1344 est

109 1379 152 1454 (of.
174 1376 361 1444 Schleicher
382 1400 486 1467 comp.
509 1383 610 1461 §.218
634 1403 665 1466 p.
686 1382 771 1460 399).
806 1378 880 1444 Jarn
897 1400 939 1443 ex
965 1370 1220 1460 Esus-nurus

110 1477 212 1542 eodem
243 1477 340 1543 modo
368 1469 542 1562 Εὖρύπω-ς
568 1500 631 1565 quo
652 1500 693 1543 ex
703 1471 893 1559 πάτρο-ίῑος
924 1470 1077 1561 πάτρως
1098 1477 1219 1566 prodiit

110 1579 152 1652 ω’.
171 1581 201 1659 §-
225 1581 288 1656 ω).

182 1680 265 1742 «Iure
287 1677 429 1766 quodam
450 1676 537 1743 Orus
559 1677 791 1763 grammaticus
804 1671 906 1754 Λέως
928 1677 1140 1766 comparavit,
1163 1679 1218 1765 qui

110 1778 157 1864 τῆς
176 1769 355 1854 Λεώνιδος
374 1777 427 1842 vel
448 1777 555 1864 potius
577 1772 765 1852 Λεονιίδος
786 1774 893 1862 φυλῆς
917 1777 1013 1843 heros
1038 1799 1218 1864 eponymus

114 1885 163 1942 est.
206 1875 272 1941 Sed
294 1899 366 1942 eum
388 1878 457 1942 sine
480 1875 579 1942 dubio
591 1877 648 1962 τῆς
669 1871 855 1951 Λεοντίδος
870 1873 977 1964 φυλῆς
997 1897 1115 1940 nomen
1128 1876 1218 1962 prius

113 1997 198 2060 quam
226 1975 336 2042 herois
365 1977 517 2064 eponymi
548 1976 687 2056 exstitit,
709 1970 803 2050 Λὲως
824 1979 856 2050 (ἰ.
878 1975 1079 2064 spopulus),
1102 1996 1220 2040 nomeu
1260 1999 1265 2008 ·

114 2075 188 2160 ejus,
221 2075 367 2142 sstudio
399 2075 540 2162 quodam
562 2073 791 2162 etymologioo‚
825 2075 911 2162 qu'od
943 2076 1217 2140 Foerstemannus

114 2176 395 2258 ‚uoluuymoloqie“
417 2176 595 2240 rectissime
617 2173 711 2256 dixit,
730 2171 840 2240 fictum
863 2198 933 2240 esso
955 2174 1093 2240 videtur.
