3008 4968
878 397 938 460 222

352 571 440 637 modi
470 572 590 638 formas
623 595 799 658 agnoscere
827 598 975 662 possum,
1005 573 1062 640 ubi
1093 594 1107 636 ε
1134 574 1352 640 terminationi
1378 584 1449 639 ante

253 727 256 734 .
354 671 447 737 cedit.
498 671 579 737 Cum
612 674 696 736 enim
728 673 816 760 apud
839 674 946 740 Dores
977 675 1100 739 formae
1128 694 1182 748 εος
1208 683 1268 738 etc.
1291 677 1450 740 recentiore

354 771 480 836 demum
502 781 647 857 tempore
669 775 823 850 (maxime
850 786 924 860 post
946 773 1180 856 Alexandrum)
1202 773 1236 834 in
1265 794 1356 836 usum
1377 775 1449 836 veni·

352 880 433 952 rent,
456 871 654 958 antiquiores
678 869 786 936 Dores
816 882 1000 936 constanter
1029 873 1137 958 stirpis
1159 893 1171 932 ι
1194 885 1373 950 servarent,
1399 871 1452 934 elu-

353 981 404 1034 cet
424 982 554 1056 praeter
572 969 661 1034 illam
681 973 849 1054 rationem,
872 995 956 1058 quae
970 971 1116 1036 Doribus
1139 993 1211 1034 cum
1226 970 1364 1038 Ionibus
1380 994 1450 1034 com·

354 1070 458 1132 munis
495 1077 582 1147 erat,
617 1069 718 1134 solam
751 1069 962 1136 Homericam
994 1071 1121 1136 admitti
1153 1071 1308 1154 potuisse.
1357 1069 1451 1134 Saloni

353 1177 467 1231 contra
489 1169 566 1254 quin
587 1166 730 1233 Atticam
760 1170 1024 1236 consuetudinem
1053 1168 1286 1249 concedamus,
1314 1167 1391 1232 nihil
1407 1167 1451 1230 ob·

354 1278 441 1331 stare
462 1267 599 1332 videtur.

436 1365 551 1453 Itaque
573 1365 798 1432 declinationis
821 1368 953 1434 schema
974 1367 1036 1432 hoc
1058 1377 1121 1431 est:

396 1487 448 1540 ιςε
471 1459 566 1544 ὕβρις
586 1465 685 1532 Arch.
707 1489 757 1552 ep.
780 1471 829 1550 88,
851 1475 871 1534 4
893 1479 952 1532 etc.

395 1585 473 1640 ιος;
497 1557 618 1639 πόλιος
650 1563 753 1651 Hipp.
784 1576 823 1631 tr.
844 1574 897 1642 47,
923 1569 986 1643 1⁴).
1032 1560 1146 1647 Σίριος
1175 1563 1274 1629 Arch.
1301 1572 1340 1626 tr.
1362 1569 1412 1642 21,
1431 1569 1450 1625 4.

478 1662 591 1728 Addas
614 1663 757 1730 Cramer.
780 1663 842 1730 An.
860 1665 934 1730 Par.
951 1666 1008 1748 IV,
1034 1671 1099 1742 185,
1115 1672 1154 1732 30
1175 1657 1245 1744 Alc,
1267 1656 1285 1724 ὁ
1309 1657 1391 1724 λέων
1409 1655 1451 1720 καὶ

478 1759 550 1836 λιὸς
572 1755 723 1849 ἡγινική,
740 1757 783 1837 ὡς
805 1758 865 1840 κίς,
887 1759 969 1838 κιός,
995 1759 1013 1828 ὁ
1036 1757 1204 1839 Ἱππῶναξ
1224 1761 1374 1843 („Utrum
1387 1760 1453 1846 Hip-

478 1885 588 1948 ponax
618 1861 754 1946 dixerit,
784 1887 849 1930 non
878 1863 1009 1951 liquet“,
1039 1864 1076 1929 fr.
1102 1867 1180 1940 124).
1223 1855 1342 1942 βάξιος
1360 1860 1451 1924 Mimn.

482 1967 528 2026 16.
550 1953 663 2042 ὕβριος
684 1967 720 2045 9,
751 1972 823 2030 4et
846 1961 910 2028 Sol.
934 1972 963 2044 4,
986 1970 1020 2046 83
1052 1968 1106 2044 13,
1132 1969 1164 2026 11
1197 1970 1229 2024 et
1251 1959 1392 2048 Theogn.
1414 1967 1450 2024 411.

409 2065 412 2070 ’
482 2067 570 2126 1174.
613 2055 747 2136 πίστιος
764 2061 909 2148 Theogn.
930 2068 1009 2130 1244
1024 2066 1114 2148 (mp.)
1135 2059 1178 2136 (A
1196 2054 1361 2138 πίστεως).
1401 2051 1450 2118 πό·

478 2180 551 2234 σιος
578 2159 724 2246 Theogn.
756 2168 821 2226 115.
850 2167 920 2240 479.
944 2167 1013 2228 837.
1042 2167 1110 2228 844.
1134 2152 1270 2234 στάσιος
1294 2147 1450 2228 1082116-

479 2256 549 2333 λιος
570 2259 654 2324 Xen.
675 2265 704 2342 2,
717 2266 745 2326 9.
761 2267 800 2326 22
822 2264 916 2337 (corr.
935 2259 1179 2340 Schneidewin,
1201 2257 1299 2343 vulgo
1318 2251 1449 2330 πόλεως).

395 2377 420 2426 r:
443 2353 588 2441 βακκάρι
611 2357 690 2424 Sim.
716 2365 765 2436 16,
788 2365 807 2424 2
828 2359 867 2436 (C
889 2358 977 2446 apud
996 2357 1124 2441 Athen,
1145 2358 1203 2423 ubi
1223 2357 1323 2444 vulgo
1342 2347 1449 2437 βακκά-

478 2479 539 2540 ρει,
565 2480 616 2542 ap.
640 2447 739 2523 (ilem.
762 2457 857 2522 Alex.
878 2457 977 2542 vulgo
998 2452 1162 2540 βάκκαρι,
1192 2456 1286 2524 codd.
1307 2453 1449 2538 βάκκαριν

479 2556 532 2620 vel
552 2550 734 2636 κάκκαριν).
756 2556 856 2645 Hipp.
879 2568 918 2622 tr.
935 2564 984 2638 41,
1009 2564 1022 2622 1
1046 2556 1225 2643 (legebatur
1246 2555 1335 2644 apud
1352 2555 1448 2620 Athen.
1488 2617 1489 2620 ,

478 2648 658 2738 βακκάρει,
693 2655 804 2720 sedin
827 2656 853 2724 Ο
876 2649 1021 2738 βακκάρι
1051 2679 1150 2744 supra
1179 2645 1448 2742 οοσίρ1σισ),πόλι

479 2755 674 2842 Τγι1.4,8.
700 2761 747 2820 10.
790 2755 872 2820 Xen.
895 2761 924 2837 2,
947 2761 996 2821 20.
1038 2755 1135 2820 Phoc.
1161 2761 1207 2820 12.
1253 2753 1394 2840 Theogn.
1413 2753 1450 2816 52.

479 2857 549 2920 287.
564 2847 718 2939 προφάσι
741 2852 883 2940 Theogn.
900 2858 960 2920 323
975 2846 1069 2916 πίστι
1081 2859 1138 2921 831
1156 2853 1289 2944 (ubique
1304 2852 1397 2938 vulgo
1411 2855 1450 2924 ει).
1487 2867 1488 2880 ’

398 2977 450 3020 tv:
471 2948 573 3016 πόλιν
594 2951 693 3019 Arch.
716 2963 756 3018 tr.
780 2960 828 3020 46.
851 2953 943 3039 Tyrt.
973 2961 1019 3035 10,
1042 2961 1070 3021 3.
1112 2953 1223 3018 Mimo.
1248 2960 1296 3036 11,
1321 2961 1339 3017 5
1362 2961 1413 3014 etc.

273 3113 277 3118 ,
395 3045 571 3134 rhoeam
593 3051 738 3139 Theogn.
764 3059 810 3120 11.
1252 3129 1255 3137 Ι
1434 3123 1436 3128 ,

220 3175 224 3185 ·
399 3175 473 3232 ιες,
499 3175 535 3228 ις
554 3154 599 3232 (in
619 3154 712 3232 arsi):
741 3145 874 3226 στάσιες
893 3173 926 3214 τε
948 3150 1092 3238 Theogn.
1115 3159 1150 3218 51
1176 3151 1233 3232 (A,
1260 3144 1373 3224 στάσις
1397 3135 1450 3208 ἐστι’

480 3255 601 3332 ceteri).
633 3249 766 3338 πρήξιος
789 3257 879 3319 1026.
910 3243 1016 3333 ἴδριες
1038 3256 1106 3317 499.
1144 3244 1238 3324 δόσις
1267 3256 1326 3316 444
1360 3243 1448 3328 (vulgo
1486 3323 1487 3379 1

478 3359 550 3434 ag).
969 3427 971 3434 .

362 3511 366 3520 .
398 3471 474 3517 ισιε
496 3443 629 3532 λάτρισι
651 3449 796 3535 Theogn.
821 3455 890 3516 302.

399 3574 477 3628 cuc:
499 3543 638 3626 στάσιας
659 3547 743 3614 Xen.
767 3556 793 3632 1,
815 3553 866 3616 23.

423 3820 449 3885 4)
468 3815 525 3872 Ubi
542 3815 571 3868 in
589 3812 732 3869 Strabonis
750 3811 829 3866 codd.
849 3810 964 3882 legitur:
979 3807 1069 3864 Ὥιιιει
1086 3809 1116 3862 δ’
1136 3810 1244 3864 ὄπισθε
1263 3813 1311 3874 τῆς
1328 3803 1413 3863 πόλιος
1425 3798 1447 3851 ἒν

357 3897 483 3974 Σμύρνῃ,
500 3897 656 3954 Meinekius
673 3911 767 3951 versus
785 3895 921 3948 decurtati
944 3891 1072 3964 explendi
1091 3909 1175 3946 causa
1193 3891 1223 3946 ἐν
1240 3887 1447 3962 praepositionem
1484 3929 1485 3936 ,

357 3967 429 4038 hene
447 3983 477 4037 in
496 3983 536 4038 ἐνὶ
556 3980 679 4036 mutavit.
713 3978 852 4050 Bergkius
870 3995 953 4048 quam
971 3994 1027 4032 non
1044 3980 1118 4029 recte
1136 3973 1240 4042 πόληος
1258 3971 1399 4046 scripserit,
1416 3963 1446 4018 n-
1484 3957 1485 3991 l

357 4067 409 4122 cile
427 4067 604 4138 intellegitur.
