3056 4968
869 407 927 468 ¹02

793 485 1003 503 *nn—n*

402 591 430 656 3.
461 578 598 671 aoid-up
620 623 662 638 -·
684 581 819 672 {prid-my
842 622 885 634 -
910 579 1050 673 φάτ-νη,
1085 609 1106 652 a
1127 583 1240 650 radice
1261 605 1328 647 τιατ
1347 583 1443 649 idest

340 686 432 774 penei
438 735 447 768 ‚
476 688 566 752 vesei
587 687 640 764 (of.
661 685 769 752 Curtii
792 687 830 752 el.
853 692 934 763 244).
977 686 1059 752 Indo
1078 695 1157 750 nutu
1179 693 1254 749 sunt
1273 677 1373 769 πάτνη
1392 683 1441 762 (oi

340 785 480 872 Etymol.
501 809 543 852 m.
574 792 642 856 789.
676 794 711 852 15
740 796 773 850 et
794 785 937 870 Hesyeln
968 809 994 850 s.
1016 810 1046 851 v.
1075 777 1309 864 πατνιόματα),
1338 780 1442 868 πάθνη

340 895 370 949 et
403 881 548 971 πατάνη,
579 885 696 970 quibus
726 885 815 972 apud
847 883 1012 948 Romanos
1044 886 1164 970 optime
1195 883 1367 970 respondet
1390 907 1443 963 pa-

342 989 420 1062 tina,
448 982 534 1068 quod
560 984 648 1070 apud
676 985 849 1070 Vegetium
875 989 917 1060 (a.
938 994 1003 1049 vet.
1029 991 1054 1049 1.
1077 989 1127 1050 56.
1151 987 1183 1059 3)
1212 1005 1346 1069 prorsus
1366 981 1444 1046 idem

343 1083 508 1168 signifieat
529 1093 625 1171 atque
640 1078 763 1169 φάτνης
786 1077 892 1170 odivi)
915 1084 1001 1146 enim
1023 1083 1156 1169 proprie
1176 1091 1225 1146 est
1246 1081 1282 1146 id
1300 1080 1444 1169 undepn·

341 1181 455 1248 ,bulum
475 1184 611 1270 eapitur.
643 1183 784 1270 Propter
800 1183 926 1249 formae
940 1180 1183 1246 similitudinem
1202 1181 1301 1246 etium
1325 1181 1443 1246 leonna-

339 1284 391 1346 ria
407 1276 535 1368 φάτναι
560 1285 627 1350 sivo
649 1276 852 1368 φατνώματα
876 1281 1041 1368 appellata
1063 1291 1146 1346 eunt.
1181 1278 1336 1345 Ceterum
1358 1282 1445 1344 etiam

341 1383 538 1448 recentiores
561 1382 682 1448 Graeci
703 1383 843 1450 sormam
863 1381 1118 1446 vetustissimum
1140 1389 1329 1463 servarunt,
1348 1389 1447 1444 exstat

285 1491 291 1506 '
340 1483 425 1546 enim
451 1484 486 1544 in
512 1481 626 1547 lexicis
657 1477 760 1561 παχνί
790 1481 837 1558 (id
864 1489 914 1546 est
942 1479 1111 1563 παχνίον),
1147 1482 1175 1542 θ
1201 1481 1235 1544 in
1269 1501 1290 1557 χ
1323 1489 1446 1561 mutato,

340 1580 428 1668 quod
450 1580 578 1666 quidem
610 1583 740 1668 saepius
767 1581 804 1646 fit
825 1581 879 1658 (of.
901 1579 1007 1645 Curtii
1034 1578 1072 1644 eL
1101 1585 1163 1646 434
1192 1588 1225 1643 et
1245 1579 1446 1660 Baumeister,

339 1679 475 1746 Euboea
498 1703 574 1768 pag.
597 1688 659 1760 57).

407 1789 434 1848 4.
456 1772 615 1862 &pay-ucis
630 1817 672 1826 -
692 1775 832 1862 θριγχός
853 1777 952 1866 (quod
975 1778 1064 1870 apud
1077 1779 1253 1865 Iosephum
1273 1777 1446 1864 legitur)—

340 1874 485 1962 τριγχός,
517 1903 537 1944 a
565 1877 677 1944 rudioe
704 1899 807 1960 στραγ
831 1907 875 1934 ---
903 1879 1064 1963 stringere
1093 1877 1145 1953 (of.
1179 1875 1285 1944 Curtii
1312 1878 1349 1942 el.
1371 1884 1446 1959 342),

343 1979 430 2044 unde
440 1978 640 2066 Hesychius:
658 1972 821 2060 στριγχός·
833 1981 963 2056 τειχίον,
981 1970 1188 2058 στρικτόριαν
1207 1977 1281 2054 (hoe
1293 1977 1446 2042 desidera-

342 2089 394 2144 tur
422 2081 456 2144 in
477 2079 591 2144 lexioio
613 2077 699 2157 Lot.)
726 2075 869 2162 στεφάνη
893 2071 1065 2158 δώματος,
1092 2098 1231 2164 quonum
1253 2077 1291 2142 of.
1312 2076 1444 2163 Hesyoh

341 2189 374 2244 et
396 2178 486 2245 Suid.
509 2201 535 2243 s.
557 2201 586 2243 v.
609 2169 755 2259 τριγχός·
778 2168 1003 2262 πτρίφραγμα,
1026 2170 1181 2262 στεφάνη,
1204 2170 1334 2256 τειχίον.

406 2287 435 2346 5.
458 2273 645 2341 ἐν-ταῦ-θα
666 2313 708 2324 -
730 2271 925 2340 ἒν-θαῦ-θα
945 2313 987 2324 -
1007 2270 1192 2338 ἒν-θαῦ-τα
1216 2285 1250 2342 et

461 2373 654 2442 ἐν-τεῦ-θεν
666 2415 709 2426 -
730 2372 932 2442 ἐν-θεύ-θεν
945 2413 988 2424 -
1005 2371 1205 2439 ἕν-θτῦ-τεν.
1241 2375 1445 2442 Buttmaunus

245 2501 247 2510 ¹
342 2479 377 2544 in
399 2500 447 2562 gr.
462 2475 519 2544 Gr.
541 2475 595 2541 ub.
610 2475 654 2542 H.
671 2481 731 2544 357
753 2478 881 2542 Ionicae
900 2476 1022 2542 formas
1042 2478 1173 2541 nativus
1195 2498 1267 2542 esse
1288 2475 1446 2557 iudicavit3

345 2579 395 2641 sin
422 2597 500 2640 vero
531 2598 604 2640 oum
627 2575 740 2644 Curtio
768 2577 820 2656 (el.
848 2583 920 2654 278)
952 2571 987 2637 ἐν
1016 2598 1076 2662 pro
1103 2575 1217 2640 radioe
1241 2575 1446 2663 pronominali

342 2674 528 2740 habendum
557 2685 622 2758 est,
652 2698 712 2738 ταν
742 2687 773 2740 et
793 2697 848 2740 τεν
875 2675 955 2740 mihi
976 2697 1154 2762 pronomen
1173 2695 1210 2738 το
1232 2680 1289 2755 (ta)
1318 2697 1386 2740 esse
1405 2677 1445 2739 vi·

344 2775 448 2856 detur,
470 2775 522 2838 oui
542 2773 630 2839 idem
650 2798 669 2836 v
692 2777 839 2855 necessit,
861 2774 948 2860 quod
967 2777 1064 2839 etium
1085 2776 1120 2840 in
1133 2761 1269 2851 o-d-uug
1289 2775 1339 2846 (of.
1351 2773 1445 2842 (turni

345 2871 386 2938 el.
404 2879 464 2938 477
484 2882 515 2937 et
531 2872 688 2938 Sennium
706 2876 739 2938 in
753 2875 878 2939 Kuhnii
898 2873 1016 2940 annali.
1033 2873 1111 2938 XII.
1133 2880 1290 2963 270uqq.)
1312 2883 1446 2962 apparet.

346 2973 399 3038 De
418 2973 645 3039 terminatione
668 2979 754 3050 -θα,
780 2995 863 3062 quae
885 2983 933 3040 est
952 2975 988 3038 in
1008 2968 1209 3052 r‘v-wo-oe,
1233 2975 1343 3040 confer
1357 2969 1446 3038 ἔν-θα

346 3065 533 3154 πάροι-θα,
557 3065 701 3152 ἷξον-θα
725 3079 778 3152 (τῇ.
790 3068 884 3148 ε’κτός
897 3073 986 3160 apud
999 3073 1165 3162 Hesyoh.)‚
1181 3073 1321 3164 denique
1333 3065 1445 3162 iiii-du

344 3183 377 3240 et
395 3165 557 3254 μίνυνθα
579 3183 611 3238 et
631 3168 785 3238 inat-ta
807 3174 896 3261 apud
916 3173 1105 3240 Homerum.

408 3277 436 3340 6.
454 3268 689 3360 συνθέτηκα-
700 3271 913 3340 συντέθεικας
930 3273 969 3339 ef.
986 3273 1130 3359 Hesyoh.
1147 3297 1172 3339 u.
1187 3297 1219 3340 v.
1234 3269 1443 3360 „ovvttrpm

346 3366 553 3458 συνεθέμην(
574 3373 685 3460 ibique
706 3373 749 3438 M.
770 3373 931 3438 Schmidti
952 3372 1195 3438 adnotationem
1216 3383 1250 3439 et
1267 3397 1293 3440 s.
1314 3397 1342 3440 v.
1362 3391 1442 3456 „eor

345 3467 502 3534 τέθεικα·
527 3468 746 3558 σννεθέμην.“

409 3571 539 3636 Deinde
561 3571 623 3636 hue
645 3572 804 3637 accedunt
825 3571 1130 3658 aliquotvoeobuia,
1153 3595 1291 3662 quorum
1305 3574 1442 3660 originem

347 3693 412 3735 non
434 3671 513 3734 satis
534 3667 934 3758 perspectam⁸habemusz

412 3775 439 3834 7.
461 3771 580 3846 ταῦθις
600 3807 642 3818 -
663 3773 792 3846 θεῦτιςε
815 3771 853 3836 of.
876 3769 1020 3858 Hesyoh.
1042 3794 1066 3836 s.
1089 3793 1121 3836 v.
1143 3771 1271 3836 θεῧτιν.

411 3876 439 3938 8.
466 3857 582 3956 (Bauio)
605 3907 646 3917 -
666 3864 803 3956 Παφίας
826 3871 866 3936 of.
889 3869 983 3936 eund.
1006 3894 1029 3936 s.
1051 3895 1081 3938 v.
1109 3864 1273 3958 ΦαπῂἹην.

413 3975 441 4036 9.
462 3964 607 4049 rodrigo
629 4005 671 4020 —-
691 3964 851 4050 θωτάζωε
874 3971 913 4038 of.
937 3969 1031 4041 eund.
1054 3994 1078 4038 s.
1093 3994 1145 4039 vv.
1167 3965 1312 4052 θωτάζω
1332 3980 1362 4037 et
1380 3964 1440 4032 iut-

350 4061 468 4146 θωτᾶζ
497 4117 504 4134 .
591 4093 593 4098 ’
