3056 4968
601 422 661 486 'tlt

137 601 205 666 Sed
222 601 308 690 quod
323 601 366 669 ad
387 602 472 667 hano
493 623 643 668 caussam
664 605 813 690 pertinet,
836 598 1056 688 compluribus
1070 599 1105 665 iu
1121 616 1190 666 vor·

76 701 134 783 bis,
149 699 207 764 ubi
232 701 426 766 conveniunt
443 707 475 762 cll
496 699 763 768 assimilationem
787 709 965 766 statuamus
987 721 1119 764 neccsse
1132 709 1189 766 cst

74 800 157 863 Nam
180 800 423 886 incompositis
445 799 487 865 ab
511 807 522 863 l
545 801 654 866 littera
674 799 905 888 incipientibus
928 821 1000 864 cum
1022 801 1187 885 praeposi·

74 900 159 963 tione
194 905 238 962 ud
266 917 395 986 semper
427 906 449 962 d
479 899 679 968 assimilatur
714 899 880 965 subiectae
911 904 924 958 l
928 923 939 973 ;
972 918 1071 984 porro
1103 897 1190 964 idem

73 996 196 1062 factum
223 1006 272 1062 est
289 998 333 1061 in
355 1003 431 1061 saltu
459 1017 519 1086 pro
540 999 669 1082 Μαῖα,
702 1019 761 1086 pro
785 999 972 1076 *nitedula
998 996 1107 1060 uitello
1135 996 1189 1062 vel

74 1101 164 1159 nitela
185 1091 332 1175 (haalim.
357 1095 400 1160 ad
418 1095 550 1164 Lucret.
572 1121 603 1186 p.
626 1105 709 1178 tot).
758 1178 760 1183 ,

132 1195 251 1283 Itaque
273 1217 345 1260 cum
366 1201 399 1257 ull
417 1217 579 1284 nusquam
607 1200 800 1266 coniunctae
823 1204 1011 1277 serventur,
1041 1191 1190 1281 quidest

74 1296 178 1380 magis
201 1302 467 1372 consentaneum,
490 1315 586 1381 quam
609 1306 644 1362 ut
666 1295 932 1361 assimilationem
953 1295 1052 1358 etiam
1074 1294 1108 1357 in
1130 1297 1187 1355 uel

74 1397 159 1474 lipia,
182 1392 355 1475 relliquiae,
386 1399 523 1457 rellatum
550 1395 777 1482 accipiamus?
819 1396 866 1460 At
885 1414 975 1458 vero
991 1392 1122 1475 „verba
1143 1415 1189 1454 rc-

75 1495 184 1572 liaquo,
206 1496 325 1574 reliqui,
346 1496 601 1581 religara'quae
624 1505 697 1558 runt
719 1494 852 1575 similia,
874 1492 963 1558 nullo
984 1493 1018 1558 in
1038 1491 1110 1556 loco
1133 1491 1189 1556 du*

74 1589 196 1676 plicata
218 1597 231 1652 l
250 1590 359 1656 littera
379 1593 483 1657 sunt.“
516 1591 638 1658 Verum
658 1591 693 1656 id
714 1592 854 1680 quidem,
877 1611 1073 1679 quamquam
1094 1609 1190 1656 unam

75 1688 169 1754 modo
193 1693 520 1760 commemoravimus
543 1693 766 1778 exceptionem
788 1696 907 1755 rellicta
926 1699 1003 1756 nota
1018 1697 1058 1774 6.,
1080 1689 1138 1755 sed
1157 1699 1190 1759 ct

76 1809 172 1874 saepe
187 1788 329 1854 vidimus
344 1799 376 1854 et
390 1799 505 1876 postea
516 1790 709 1872 videbimus,
717 1789 821 1855 multa
833 1789 983 1876 exempla
1003 1812 1063 1876 pro
1073 1789 1190 1854 litteris

75 1888 248 1970 geminatis
262 1910 304 1952 ex
316 1889 549 1954 assimilatione
566 1891 645 1954 ortis
662 1889 842 1975 simplicem
858 1887 979 1952 habere
998 1911 1189 1952 consonam:

76 1985 152 2071 quid
174 1988 294 2051 mirum
317 1986 403 2074 quod
426 1989 460 2052 in
482 1987 533 2052 his
553 1989 694 2072 vestigia
715 1997 841 2052 tantum
863 1989 1052 2052 nonomnia
1068 1989 1190 2053 eiectae

78 2083 247 2150 dlitterac
270 2083 377 2150 deleta
398 2087 489 2152 suntl
1107 2079 1111 2093 '

135 2183 203 2248 Sed
225 2193 270 2266 ut,
293 2207 376 2272 quae
398 2187 440 2250 sit
461 2185 502 2250 da
523 2186 671 2273 praefixo
693 2193 749 2250 recl
770 2186 930 2250 sententia
946 2205 1029 2268 mea,
1044 2184 1189 2250 breviter

77 2280 280 2348 adumbrcm:
309 2281 457 2368 equidem
480 2287 537 2349 vix
560 2284 777 2352 dubitandum
799 2305 870 2348 asse
892 2283 1045 2367 arbitror,
1069 2286 1145 2372 quin
1168 2305 1188 2349 a

77 2383 238 2469 principio
259 2382 349 2448 nulla
371 2383 436 2447 alia
456 2384 563 2451 forma
583 2386 725 2450 extiterit
747 2405 844 2469 quam
858 2390 919 2459 rad,
942 2385 1032 2448 cuius
1048 2380 1190 2448 clliltcra

77 2477 181 2544 finalis
208 2489 265 2544 aut
287 2481 525 2547 assimilaretur
545 2490 557 2544 l
578 2483 788 2569 subsequenti
817 2492 872 2551 aut
899 2481 1062 2570 producta
1082 2481 1189 2548 vocali

80 2579 288 2662 praecedenti
316 2581 472 2646 interiret.
517 2581 623 2662 Quam
651 2582 897 2668 productionem
923 2581 1086 2647 nonnullis
1112 2601 1189 2668 poe-

80 2685 184 2741 tarum
206 2677 287 2742 locis
309 2681 361 2758 (cf.
372 2680 501 2746 Lucret.
512 2679 537 2761 I,
549 2687 625 2748 560:
648 2703 798 2762 uunquam
818 2685 1000 2764 relicuo-‘3
1023 2681 1189 2764 Vl,1274:

78 2795 128 2836 occ
152 2781 213 2838 ium
234 2779 347 2860 re'lipio
367 2783 463 2842 divom
485 2783 541 2858 -)
564 2787 726 2844 servatam
748 2779 907 2862 videmus,
930 2779 1117 2866 plerumque
1139 2779 1190 2845 vcl

82 2871 159 2939 baec
183 2877 304 2941 omissa
326 2886 382 2942 est.
1092 2909 1094 2916 ⁴

138 2975 308 3064 Nusquam
322 2962 451 3058 sautem,¹
463 2987 500 3042 ut
520 2976 662 3046 breviter
677 2977 739 3043 hoc
754 2977 955 3060 admoneam,
980 2977 1124 3041 extincta
1139 2986 1189 3041 est

79 3073 248 3156 productio
272 3074 472 3162 suppletoria
491 3076 525 3140 in
545 3081 666 3156 retecto,
688 3081 827 3159 aciacum,
850 3097 933 3164 quae
950 3085 1024 3140 sunt
1038 3085 1188 3161 cognata.

560 3246 610 3325 s.
636 3250 682 3312 ιο.

136 3369 222 3438 Ante
240 3396 261 3434 a
288 3371 474 3438 litteramcl
500 3375 635 3440 eiectam
669 3395 740 3438 esse
771 3373 919 3438 videmus
949 3375 982 3439 in
1011 3375 1061 3440 his
1092 3397 1188 3442 voca-

79 3463 174 3534 bulis:

130 3571 204 3650 fian
238 3568 355 3636 dicitur
394 3591 454 3660 pro
484 3571 613 3655 *fidois,
654 3573 681 3636 si
713 3571 844 3660 quidem
875 3583 979 3656 recte,
1010 3573 1098 3662 quod
1127 3594 1188 3661 ego

80 3665 161 3733 nullo
183 3669 279 3735 modo
302 3667 430 3752 dubito,
460 3668 641 3738 Oorsscnus
663 3691 735 3737 eam
756 3689 871 3736 vocem
892 3691 963 3738 curn
985 3663 1104 3740 radice*
1118 3674 1187 3745 Sur.

81 3765 175 3848 llic,
199 3768 361 3852 scheiden,
384 3767 521 3856 spaltan,
544 3779 728 3856 comparat,
751 3793 816 3856 qua
838 3793 879 3834 ex
902 3767 1012 3836 radice
1033 3771 1188 3838 facillime

83 3866 281 3950 explicantur
303 3869 452 3934 notiones
473 3867 621 3951 Scheide,
643 3868 781 3951 (irenae,
805 3879 920 3956 postea
941 3869 1044 3936 Euda.
1089 3899 1091 3906 ·

132 3971 220 4042 suuis
241 3975 353 4032 natum
369 3983 440 4032 esse
457 3965 700 4033 (irassmannus
723 3967 858 4044 (Kuhnii
872 3968 991 4034 annall.
1007 3969 1074 4035 xit
1087 3974 1187 4052 [1863]

83 4077 111 4140 P·
136 4069 213 4144 lau)
235 4067 468 4146 existimat-ex
490 4067 637 4148 *fadaia
667 4068 760 4133 cuius
776 4069 890 4156 'stirps
919 4068 1095 4156 respondet
1117 4068 1185 4135 Sor.
