3008 4968
855 469 912 531 198

326 642 478 729 Denique
506 644 587 709 haec
619 644 746 730 singula
777 646 1062 711 commemoranda
1091 655 1178 711 sunt:
1212 643 1355 730 Theogn.
1381 650 1433 711 453

327 733 497 825 ὤνθρωπ’.
542 749 602 810 529
635 735 825 823 προῦδωκα.
876 749 936 813 813
968 736 1176 827 προῦδωκαν.
1212 749 1281 811 ,577
1303 734 1362 830 ἤ’κ
1392 738 1434 819 (ἐκ

328 861 392 925 cg,
421 863 483 906 orn.
505 841 556 918 A).
603 848 659 906 147
683 836 781 928 ἀρετή
800 837 885 908 ’στιν
914 844 1011 920 (idem
1034 867 1149 910 versus
1171 845 1290 930 legitur
1311 841 1433 928 Phocyl.

327 939 367 1003 fr.
383 944 441 1022 17),
466 940 554 1028 quod
575 950 624 1005 est
638 944 899 1028 antiquissimum
923 946 1026 1008 orasis
1048 943 1233 1031 exemplum
1252 942 1345 1008 verbi
1365 933 1434 1021 εἰμι’.

388 1039 443 1104 Ex
464 1039 598 1104 Ionibus
620 1050 753 1126 praeter
768 1042 849 1108 duos
864 1043 953 1108 locos
971 1042 1200 1128 Theognideos
1221 1041 1338 1107 allatos
1359 1039 1435 1105 solus

328 1138 549 1223 Xenophanes
574 1162 674 1204 unum
695 1151 820 1206 tantum
842 1143 946 1207 erasis
969 1141 1154 1228 exemplum
1179 1140 1328 1206 exhibet:
1355 1145 1382 1222 2,
1404 1141 1435 1202 19

328 1229 504 1302 ιοῦνεκεν..
532 1237 629 1317 Quod
661 1239 802 1305 fortasse
836 1243 926 1306 casui
958 1239 1101 1305 dandum
1134 1251 1197 1323 est,
1231 1263 1304 1305 cum
1336 1238 1437 1302 ultima

330 1336 480 1422 exempla
498 1336 711 1422 Theognidea
727 1341 824 1404 etiam
842 1362 862 1404 a
878 1339 1005 1404 Doride
1022 1339 1129 1404 aliena
1152 1342 1225 1422 sint,
1247 1342 1356 1427 itaque
1376 1338 1436 1402 imi·

329 1437 445 1502 tationi
478 1435 696 1522 elegiaoorum
728 1439 912 1504 lonicorum
943 1438 1141 1522 debeantur,
1178 1450 1275 1527 atque
1309 1439 1437 1524 optimae

330 1536 533 1602 auctoritatis
553 1537 772 1602 testimonium
793 1537 943 1602 tradatur
966 1540 1000 1602 in
1020 1538 1129 1625 Etym.
1152 1539 1197 1602 M.
1217 1543 1287 1619 821,
1302 1543 1352 1605 38:
1374 1525 1437 1598 ull-

331 1632 411 1697 λοι·
434 1626 506 1698 ἀντὶ
519 1637 579 1698 τοῦ
601 1628 760 1702 ciiiilius.
805 1629 857 1699 At
878 1640 1032 1700 τοιαῦται
1051 1635 1256 1724 συναλοιφαὶ
1276 1638 1343 1722 τῆς
1364 1633 1437 1698 δεν-

329 1727 447 1814 τέρας
476 1725 581 1796 εἰσὶν
613 1727 760 1812 Ἰάδος,
797 1722 985 1823 ᾗὍμηρος
1019 1728 1077 1800 οὐκ
1116 1731 1290 1823 ἐχρήσανθ’
1330 1728 1437 1813 διόπερ
1479 1765 1483 1784 ·

331 1826 507 1917 Ζηνοδόεω
527 1828 720 1919 μέμφονται
741 1828 871 1898 εἰπόντι
894 1835 964 1901 δεῖν
986 1827 1234 1918 ἀναγινώσκειν·
1263 1825 1368 1899 ὧλλοι
1387 1827 1439 1914 μέν

330 1935 372 2014 ῥα
392 1926 469 1996 θεοί
489 1954 525 1996 τε
545 1930 601 1997 καὶ
622 1926 744 2018 ἀνέρες.

389 2032 490 2119 Apud
514 2032 666 2100 Solonem
699 2033 763 2098 duo
793 2033 944 2120 exempla
964 2035 1184 2098 inveniuntur:
1209 2039 1263 2116 13,
1288 2041 1327 2102 60
1357 2021 1437 2094 κούκ.

333 2137 371 2199 37
393 2123 522 2214 χῶστις,
543 2131 667 2198 nullum
690 2132 779 2219 apud
801 2131 988 2220 Tyrtaeum.

391 2231 461 2296 Iam
489 2229 533 2296 ad
560 2232 815 2318 iambographos
846 2233 1019 2296 transitum
1052 2233 1221 2298 faciamus.
1265 2231 1331 2311 Qui
1362 2225 1438 2313 quod

333 2332 525 2417 saepissime
547 2331 633 2396 crasi
654 2341 803 2413 utuntur,
827 2330 927 2396 multo
950 2334 1083 2420 saepius
1106 2334 1203 2396 etiam
1226 2353 1323 2415 quam
1343 2328 1436 2392 Hero-

334 2431 438 2512 dotus,
458 2452 523 2495 non
547 2440 596 2518 est
618 2430 705 2518 quod
727 2433 899 2514 miremur
938 2430 1109 2511 Quomodo
1131 2433 1216 2496 enim
1237 2429 1308 2494 fieri
1328 2428 1437 2515 potuis·

334 2539 391 2612 set,
413 2539 449 2594 ut
470 2528 605 2595 voculae
627 2529 734 2594 vooali
762 2531 892 2598 clausae
921 2553 1050 2617 semper
1071 2539 1145 2594 ante
1166 2551 1279 2595 vocem
1308 2546 1438 2592 consona

334 2631 368 2693 in
398 2629 503 2693 fronte
535 2630 728 2694 instructam
766 2629 987 2718 ponerentur?
1048 2627 1308 2714 Iambographos
1342 2636 1438 2692 autem

334 2729 443 2792 crasin
471 2728 692 2793 tantummodo
726 2728 769 2793 ad
801 2729 971 2794 vitandum
1004 2729 1126 2793 hiatum
1156 2727 1209 2791 vel
1236 2725 1437 2813 complurium
1490 2785 1491 2788 ,

335 2826 536 2916 syllabarum
557 2826 705 2892 brevium
728 2851 922 2894 concursum
951 2827 1140 2893 adhibuisse
1170 2827 1291 2912 optime
1320 2823 1437 2889 demon·

334 2936 456 2992 stratur
477 2927 660 3012 fragmento
688 2927 866 2992 Simonidis
888 2935 943 2994 22:
971 2917 1016 3013 (ἦ)
1039 2922 1152 2988 πολλὰ
1176 2920 1238 3005 μὲν
1265 2920 1305 3008 δι’]
1327 2943 1437 3003 προεκ-

334 3028 429 3114 πονῇ,
457 3021 679 3112 Τηλέμβροτε,
701 3027 757 3091 ubi
778 3050 851 3091 cum
871 3025 1001 3109 liceret,
1024 3027 1189 3113 synizesin
1210 3026 1297 3089 crasi
1319 3032 1436 3107 antepo-

336 3127 432 3198 sitam
452 3125 611 3192 videmus.
654 3126 805 3208 Accedit,
827 3124 914 3212 quod
936 3134 1052 3214 poetae
1074 3125 1204 3190 omnino
1229 3145 1249 3188 a
1270 3120 1435 3187 rarioribus

337 3225 501 3306 crasibus,
536 3225 647 3311 quales
680 3225 770 3312 apud
802 3225 969 3290 scaenicos
991 3223 1119 3288 Atticos
1150 3223 1295 3288 maximo
1326 3223 1359 3286 in
1386 3239 1436 3282 usu

336 3332 438 3406 orant,
461 3346 495 3387 se
517 3323 749 3388 abstinuerunt.
792 3323 964 3388 Patiuntur
987 3325 1071 3388 enim
1095 3323 1204 3386 orasin
1225 3315 1436 3385 tantummodo

335 3423 516 3512 particulae
538 3419 606 3499 καί,
633 3417 683 3510 δή,
707 3415 784 3504 πρό,
809 3409 838 3484 ὦ
859 3432 891 3486 et
911 3421 1075 3503 articulus,
1098 3443 1234 3509 quorum
1254 3420 1309 3485 hic
1329 3421 1362 3484 in
1381 3437 1435 3481 ma·

336 3523 459 3589 soulino
482 3531 514 3586 et
531 3531 644 3587 neutro
659 3521 694 3604 2),
717 3510 745 3583 ὦ
767 3543 866 3606 saepe
888 3519 978 3607 apud
996 3519 1197 3584 Herodotum
1220 3529 1252 3584 et
1266 3519 1435 3605 Hippocra-
1489 3587 1490 3608 ἢ

335 3633 400 3688 tem
417 3623 525 3688 orasin
538 3620 692 3704 efficiunt,
708 3617 749 3708 δὴ
771 3629 880 3690 autem
902 3619 968 3684 alia
983 3620 1023 3684 de
1044 3641 1143 3684 causa
1165 3620 1317 3684 excusari
1336 3621 1435 3705 potest.
1489 3611 1490 3652 l

403 3874 430 3940 2)
448 3869 581 3926 Conferas
601 3886 673 3940 quae
692 3886 725 3924 ex
741 3869 829 3924 titulis
847 3867 959 3941 collegi:
985 3869 1041 3940 Sig.
1060 3872 1076 3923 8
1096 3867 1323 3940 τοῠρμοκράτεος,
1341 3861 1433 3920 Milesio

337 3961 382 4010 39:
402 3955 574 4023 τώπόλλωνι,
593 3954 664 4008 Teio
677 3957 752 4022 3044,
769 3951 797 4006 A
810 3956 841 4006 32
860 3954 999 4022 τώγῶνος,
1019 3953 1082 4008 Hal.
1102 3956 1134 4007 38
1153 3950 1370 4021 τωίιόλλων[ος],
1392 3943 1434 3999 lli-

337 4040 404 4092 lesio
431 4038 544 4092 Kirchh.
577 4037 728 4106 „Studien“
755 4053 819 4107 pag.
845 4039 887 4090 14:
924 4036 1081 4106 ,Ἱστιαῌος
1110 4037 1239 4105 &ululans
1265 4031 1431 4100 τώπόλὶω[νι,
1488 4049 1489 4108 j

338 4122 386 4194 qui
403 4123 476 4176 circa
493 4120 535 4177 01.
554 4125 585 4176 69
602 4121 720 4176 Histiaei
736 4125 859 4191 tempore
877 4124 1005 4174 exaratus
1022 4123 1072 4176 cst
