3070 4962
658 438 697 498 75

206 617 330 684 Dahis
353 617 519 682 adverbiis
547 617 624 703 quid
652 617 796 684 nonnulli
823 615 981 698 sentiant,
1008 639 1072 686 non
1100 620 1240 685 alianum

126 719 255 784 videtur
281 717 375 782 brevi
403 715 457 780 hic
487 715 839 782 commemoramus
869 718 1010 803 primum
1034 719 1162 806 quidem
1187 719 1240 784 W.

128 817 291 886 Christius
306 817 341 894 ¹⁰)
362 815 455 882 dubit
442 825 505 898 t,at
534 818 569 881 in
599 815 763 882 adverbiis
784 807 991 882 localibus''
969 838 1037 880 ανω
1069 812 1157 884 κάτω
1179 811 1240 897 ἔξω

127 912 189 982 ἔσω
213 927 273 984 eto.
294 939 314 978 τ
334 915 493 980 interierit
516 907 617 994 (άνωτ
638 920 724 996 etc,)
753 938 835 982 anu
864 907 966 991 (άνωκ
989 893 1062 996 eto.)
1092 928 1241 1006 spectans

129 1018 169 1084 ad
192 1017 322 1084 Sanser.
348 1014 492 1080 radicem
523 1015 617 1100 ank‘,
648 1040 791 1098 curvare,
818 1037 956 1102 quacum
984 1018 1242 1105 praepositiones

130 1123 378 1203 componantur:
405 1114 495 1201 prak⁴
515 1066 672 1198 vorwdrts,
702 1115 787 1204 njak⁴
809 1120 1022 1200 ιιιίᾱονωιϊνιι,
1045 1117 1156 1182 arvak‘
1177 1123 1242 1179 Ιιω-

130 1226 238 1310 ιρᾶιιο,
268 1214 380 1302 parak‘
402 1219 544 1278 atwdrts.
586 1213 681 1280 Haec
703 1217 861 1282 sententia
882 1241 961 1282 num
983 1217 1083 1303 digna
1104 1217 1147 1281 sit
1161 1239 1243 1300 quae

130 1315 174 1394 illi
196 1315 405 1402 anteferatur,
428 1336 488 1400 ego
511 1313 693 1401 dijudicare
714 1337 779 1380 non
801 1317 915 1382 ausim.
960 1315 1055 1398 Quod
1076 1325 1183 1380 autem
1200 1315 1242 1380 H.

131 1415 292 1480 Uscnerus
306 1415 345 1494 Η)
367 1413 586 1498 Hartungium
600 1415 639 1492 ¹²)
666 1424 794 1480 secutus
816 1415 916 1500 dixit,
945 1415 1103 1482 adverbia
1127 1413 1245 1482 localia

130 1517 161 1580 in
181 1537 223 1578 -ω
245 1514 399 1580 exeuntia
418 1512 576 1602 lofloativos
599 1535 670 1578 asse
698 1537 835 1602 quorum
860 1537 912 1578 -οι
936 1515 1149 1606 productione
1178 1516 1243 1604 pri-

132 1639 216 1680 mum
238 1616 272 1678 in
286 1636 343 1698 -ιμ,
367 1620 403 1678 ιιι
423 1613 457 1677 in
479 1612 608 1706 dativis,
631 1612 748 1678 deinde
770 1615 804 1678 in
822 1637 866 1678 -ω
890 1614 1017 1698 abierit,
1040 1635 1244 1704 nequaquam

131 1723 234 1802 potest
257 1711 475 1799 comprobari,
493 1711 583 1798 quod
597 1713 630 1776 in
648 1735 763 1778 vocum
777 1714 1057 1780 terminationibus
1079 1714 1159 1779 haec
1177 1737 1245 1778 mu-

131 1815 207 1879 tatio
229 1813 361 1900 linguae
380 1811 508 1898 legibus
529 1811 601 1876 fieri
628 1813 730 1876 vetita
753 1821 810 1882 est.
852 1813 1007 1880 Inductus
1036 1827 1085 1880 est
1106 1815 1157 1879 vir
1187 1811 1243 1879 do·

132 1915 293 1978 ctissimus
315 1913 349 1977 in
369 1912 454 1976 hunc
476 1933 618 1975 errorem
634 1912 701 1975 iota
722 1911 788 1994 illo,
812 1912 898 2000 quod
919 1913 1077 1978 adverbia
1097 1912 1153 1978 illa
1166 1935 1244 1978 nou-

132 2035 295 2102 nunquam
318 2011 368 2078 vel
396 2015 430 2076 in
460 2011 590 2098 optimis
620 2009 788 2076 codicibus
818 2014 975 2078 comitans
1005 2013 1184 2096 invenitur,
1215 2023 1247 2077 ct

132 2113 417 2200 grammaticorum
446 2109 646 2199 quorundam
679 2112 880 2198 praeceptis,
916 2111 1032 2198 quibus
1057 2112 1155 2176 hac
1145 2134 1180 2176 111
1209 2135 1246 2178 re

132 2217 288 2302 majorem
309 2211 408 2278 fidem
435 2207 534 2276 habet
561 2232 657 2324 quam
684 2211 890 2374 gravistsimis
921 2235 992 2276 oum
1017 2211 1154 2277 aliorum
1178 2220 1246 2277 tum

133 2312 331 2395 Herodiani
348 2310 569 2378 technicorum
603 2310 763 2396 principis
796 2312 996 2377 testimoniis.
1038 2303 1084 2376 At
1112 2311 1248 2376 maximi

134 2424 190 2501 put
177 2412 279 2478 tanda
301 2435 372 2478 esse
395 2431 509 2476 censeo
538 2431 621 2498 quae
648 2408 837 2496 leguntur
827 2433 862 2475 ιιι
882 2409 935 2478 Et.
957 2409 1068 2498 Magn.
1091 2417 1170 2494 544,
1197 2416 1248 2476 12:

134 2507 241 2598 κύκλῳ
269 2507 438 2596 ἐπίρρημα
466 2505 609 2575 τοπινιὸν
638 2529 797 2588 ...εχει
823 2506 862 2574 τὸ
892 2533 905 2574 ι
934 2505 1249 2593 προσγεγραμμένον

133 2606 177 2691 ὦς
207 2605 278 2678 άπὸ
308 2610 450 2698 δοτικῆς.
479 2606 517 2674 τὸ
544 2604 659 2691 μέντοι
686 2602 802 2694 πόρρω
830 2606 888 2674 καὶ
914 2603 975 2688 ἔξω
1004 2606 1060 2673 καὶ
1091 2600 1187 2696 άφνω
1210 2601 1246 2673 οὐ

134 2710 222 2799 παρὰ
249 2705 394 2790 δοτικάς.
418 2705 473 2777 διὸ
500 2701 577 2774 οὐδὲ
598 2704 912 2794 προσγεγραμμένον
934 2703 1000 2790 ἔχει
1021 2705 1058 2772 τὸ
1082 2731 1105 2792 ι,
1128 2718 1159 2774 et
1178 2715 1249 2792 663,

135 2820 186 2882 21:
211 2807 286 2878 ὅσοι
304 2809 343 2878 τὸ
367 2805 526 2896 ἒγγοτὲρω
555 2805 611 2874 καὶ
629 2802 802 2927 ἐγγυτάτω
830 2805 955 2874 καὶτὰ
985 2803 1089 2890 ὅμοια
1114 2805 1174 2872 σὺν
1202 2832 1248 2893 τῳ

135 2907 347 2997 ιβοάλονται
376 2901 639 2998 γράφεσθαι,’
619 2905 689 2974 απὸ
719 2907 853 2992 δοτικῆς
874 2903 1027 2992 λέγουσιν
1049 2899 1131 2972 αὐτὰ
1154 2895 1250 2975 εἶναι.

135 3037 187 3079 και
181 3007 330 3098 λέγει(
315 3038 333 3080 ο
349 3004 650 3100 Ἐπαφρόδιτος,“
631 3032 684 3076 στι
700 3005 773 3074 τινά
795 3011 859 3079 τῶν
880 3000 1026 3092 άρχαίων
1039 3000 1250 3096 ἀντιγράφων

136 3112 192 3181 σὺν
211 3117 260 3200 τῷ
283 3138 296 3179 ι
319 3103 406 3192 εἶχον
428 3105 511 3176 αὐτὰ
534 3104 752 3196 γεγραμμένα.
775 3109 920 3194 κρεῖττον
941 3103 979 3172 δέ
995 3103 1066 3172 ἐστι
1078 3104 1177 3191 χωρὶς
1191 3111 1251 3171 τοῦ

137 3239 148 3278 ι
168 3237 271 3279 ταντα
294 3205 497 3327 γράιγεσθαι.
520 3206 610 3296 λέγει
632 3202 711 3274 dd‘
696 3234 714 3275 ο
737 3202 900 3288 τεχνικός,
933 3203 986 3274 ὅτι
1008 3200 1043 3271 εἴ
1059 3230 1109 3284 τις
1126 3203 1164 3271 τὸ
1187 3201 1249 3286 ἔξω

137 3312 192 3379 σὺν
211 3337 257 3400 τῳ
285 3337 298 3378 ι
320 3306 453 3400 γράφει,
481 3304 647 3398 επειδὶγ“
617 3332 694 3374 οι..
669 3295 890 3394 Σορακοσσιοι
912 3302 982 3388 ἕξοι
1003 3300 1165 3391 λέγουσιν,
1189 3299 1249 3372 οὖν

138 3411 296 3526 ἐπιχειρεῖ
317 3409 434 3489 καλῶς.
478 3411 525 3478 04
544 3419 715 3503 praeterea
736 3415 807 3494 350,
829 3416 859 3478 6

214 3549 291 3616 Jam
312 3546 478 3635 proferam
499 3569 539 3612 ea
560 3568 697 3634 quorum
719 3543 961 3632 comparativus
974 3549 1008 3606 at
1021 3538 1247 3628 superlativus

139 3650 171 3714 in
193 3671 236 3714 -ω
259 3656 393 3714 exeunt:

191 3934 231 4002 10)
248 3931 295 3988 W.
310 3929 402 3986 Christ
420 3926 531 3986 Gricch.
548 3881 730 3998 lautlehre'p.
751 3929 792 3982 al.

193 4015 284 4087 11)1n
303 4013 476 4070 Fleckeisani
495 4011 642 4068 annalibus
662 4014 726 4068 1865
745 4029 772 4082 p.
790 4010 839 4064 248
858 4023 917 4078 sqq.

192 4103 231 4170 n)
249 4101 380 4171 Hartung
399 4098 493 4156 Ueber
512 4097 556 4153 die
574 4113 654 4152 casus
674 4099 736 4152 1831
755 4114 781 4169 p.
801 4097 848 4148 199
863 4108 921 4167 sqq.
