3008 4968
605 461 665 523 215

531 545 591 552 ---—
633 545 738 553 ---.·......

137 637 186 704 lbi
210 637 296 705 solus
318 637 432 704 Arsen.
457 636 592 726 praebet
614 628 761 714 ἀστοῖσι,
796 639 883 727 quod
905 639 1083 706 Ahrensius
1105 663 1190 706 eom·

80 738 209 803 mendat.
255 736 298 802 At
326 762 396 802 cnm
427 739 573 821 proxime
601 730 718 813 άοτεος
745 761 811 803 vox
840 738 1024 819 antecedat,
1062 729 1190 804 denotor

79 845 169 922 poeta
189 836 359 922 indignum
382 847 439 903 est.
419 838 555 901 tNon
578 859 710 920 vereor,
734 861 774 901 ne
796 837 896 902 ullum
920 840 1026 924 aptius
1049 839 1187 904 voeabu-

79 934 138 1000 lum
161 959 256 1024 quam
288 926 486 1015 ἀνθρώποις
513 937 694 1022 excogitari
718 939 830 1052 possit.
809 937 942 1002 tNec
964 960 1027 1024 qua
1049 938 1104 1002 via
1131 929 1190 1000 άν-

80 1025 259 1113 θρώποις
251 1057 284 1097 m
311 1027 465 1100 loonm‘
447 1037 577 1099 οοτοῖσι
599 1037 689 1100 vocis
721 1037 904 1124 irrepserit,
932 1038 1010 1102 satie
1032 1036 1189 1123 intellegi-

79 1139 133 1200 tur
177 1132 302 1199 Oontra
317 1155 411 1220 quam
428 1127 564 1198 faeile'
546 1137 676 1197 αοτοῖσι
699 1146 834 1222 propter
856 1126 973 1210 deneng
995 1134 1080 1222 quod
1094 1145 1189 1200 ante-

79 1229 166 1312 cedit,
188 1253 230 1295 ex
252 1231 459 1296 librariorum
482 1233 662 1319 neglegent
654 1256 687 1299 ra
641 1234 757 1298 tvel
788 1235 999 1300 somnolentia
1020 1237 1110 1299 nasei
1132 1257 1188 1323 po-

79 1332 176 1414 tuerit,
199 1332 233 1394 in
255 1341 374 1417 propa
362 1330 499 1396 ulo
451 1343 509 1397 est.

134 1429 255 1494 Verum
277 1430 326 1493 hie
346 1429 426 1494 loeis
449 1431 526 1495 mihi
547 1455 648 1517 aeque
673 1442 769 1519 atque
784 1431 944 1496 Ahrensio
968 1431 1111 1516 pleniore
1134 1432 1188 1497 da-

79 1528 131 1592 tivi
152 1527 259 1593 forma
280 1551 361 1615 opus
384 1543 455 1604 esse
477 1529 619 1596 videtur:

133 1627 285 1704 a).Aroh
303 1637 342 1692 tr.
358 1635 396 1694 23
419 1626 530 1715 ψυχὰς
550 1623 678 1708 ἔχοντες
697 1623 849 1709 κυμάτων
844 1623 899 1690 ἒν
913 1619 1059 1714 άμκάλῃς
1079 1629 1189 1716 (vulgo

80 1731 137 1803 αις)
158 1729 226 1813 (qui
249 1749 364 1790 versus
386 1726 581 1793 Ahrensium
605 1731 707 1813 fugit).
753 1729 835 1794 Cum
855 1725 945 1791 Arist
932 1725 1090 1814 tophanes
1107 1727 1187 1794 Ran

80 1831 145 1890 704:
176 1820 234 1910 τὴν
266 1819 369 1890 πόλιν
405 1824 461 1890 καὶ
486 1821 575 1891 ταῦτ’
614 1822 742 1906 ἔχοντες
770 1820 923 1906 κυμάτων
958 1821 992 1888 ὲν
1027 1820 1190 1910 ἀγκάλαις

80 1921 260 1989 Arehiloehi
281 1924 383 1992 verba
405 1926 545 2016 parodia
573 1925 664 1990 ludat
685 1927 719 1990 in
741 1927 954 2006 tetrametrie,
982 1926 1059 1991 lieet
1082 1929 1189 2012 suspi-

80 2025 140 2087 rari
162 2025 261 2088 etiam
284 2024 371 2090 illius
393 2049 523 2092 versum
546 2024 587 2090 ab
607 2026 731 2112 origine
752 2025 851 2088 fuisse
869 2034 1101 2106 tetrametrum,
1123 2026 1187 2089 vel-

80 2125 121 2186 uti
144 2125 212 2208 τῶν
243 2121 351 2210 φίλων
379 2121 488 2209 ψυχὰς
518 2117 644 2201 ἔχοντες
671 2118 823 2204 κυμάτων
845 2118 878 2184 ἐν
901 2114 1053 2209 άμκάλῃς.
1091 2124 1188 2190 Scho-

80 2220 166 2286 liasta
196 2223 266 2287 sola
300 2222 402 2286 verba
433 2223 557 2306 attulit,
590 2246 672 2310 quae
701 2221 937 2309 Aristophaneo
964 2224 1108 2287 imitatus
1131 2212 1190 2305 est]

81 2320 133 2384 nisi
155 2321 242 2406 quod
265 2321 427 2388 obiectum
449 2318 562 2406 ψυχὰς,
580 2323 727 2386 omittere
742 2321 905 2408 nequibat.
949 2321 1088 2392 Miseros
1111 2323 1187 2386 ami-

82 2439 128 2482 eos
148 2419 307 2504 intellegit
330 2430 438 2507 poeta,
462 2423 516 2508 qni
537 2421 707 2505 naufragio
731 2422 906 2506 perierunt.

134 2518 166 2596 b)
189 2518 267 2584 Sim.
285 2526 313 2602 7,
336 2526 389 2584 70:
419 2515 509 2595 ὅστις
529 2514 693 2594 τοιούτοις
716 2517 827 2600 θυμὸν
851 2511 1045 2602 ἀγλαΐζεται
1060 2521 1072 2602 ll
1118 2518 1188 2583 Sto-

82 2615 172 2682 baens
189 2618 344 2693 tradidit;
366 2619 522 2685 Aelianus
545 2628 659 2684 eontra
680 2617 913 2697 (Mmavbor)
934 2621 1095 2684 τοιοῦτον.
1125 2619 1188 2684 Ite-
1263 2695 1267 2704 ⁸

84 2738 136 2802 que
153 2717 327 2783 Jeoohsiue
348 2721 484 2784 coniecit
504 2721 655 2781 notoriam
677 2716 804 2798 ῥυθμὸν
824 2717 876 2782 vel
892 2715 1029 2798 θεσμὸν,
1054 2739 1187 2802 quorum

83 2816 162 2900 prius
189 2817 268 2882 mihi
297 2817 501 2905 probandum
522 2817 658 2882 videtur.
703 2817 814 2903 Neque
836 2841 912 2882 vero
935 2841 1007 2883 oum
1026 2816 1187 2882 Ahrensio

83 2913 199 2981 Aeliani
221 2921 420 3004 scripturam
442 2916 615 2982 defendere
631 2938 774 3002 possum,
796 2919 885 2980 ouius
910 2917 1070 2982 sententia
1092 2917 1188 2980 nimis

83 3017 235 3100 exquisita
246 3019 288 3082 sit
302 3017 461 3099 (perferas
473 3015 774 3101 interpretationem
787 3014 1031 3080 Germanicam:
1054 3037 1141 3098 „wer
1155 3016 1188 3078 in

84 3112 199 3179 soleher
214 3115 384 3180 Sinneeart
400 3115 545 3202 prunkt“
566 3117 586 3179 i.
603 3137 628 3180 e.
653 3113 831 3180 seeundum
842 3115 1053 3180 Ahreneium:
1075 3135 1189 3196 „wenn

84 3211 162 3278 nieht
180 3214 231 3279 ihr
252 3214 354 3280 Mann
375 3217 426 3278 ein
441 3215 550 3299 Konig
570 3215 629 3294 iat,
651 3213 708 3278 der
731 3213 830 3278 auch
852 3215 889 3277 in
914 3209 1087 3278 s'olehem
1109 3209 1189 3276 Sinn

86 3311 196 3396 prunkt
215 3315 284 3376 wie
307 3315 376 3378 sein
395 3313 453 3378 der
474 3311 581 3388 ἵππος
603 3305 688 3398 ἁβρὴ
718 3312 940 3398 vergliehenes
964 3310 1111 3394 Weib“);
1140 3331 1189 3373 ee-

86 3417 179 3474 terum
200 3415 245 3476 ita
267 3413 373 3498 potius
397 3421 569 3500 exspectas
588 3407 658 3474 τὸν
681 3402 805 3476 αὐτὸν
825 3403 944 3491 θυμόν.

141 3515 167 3586 e)
189 3509 264 3576 Sim.
280 3515 328 3589 20,
346 3518 376 3576 1:
399 3512 433 3574 in
454 3509 548 3576 libris
573 3509 691 3596 legitur
712 3503 810 3574 θύειν
830 3507 975 3595 νύμφαις
995 3503 1050 3572 καὶ
1074 3503 1188 3570 Μαιά-

89 3601 139 3680 δος
157 3603 258 3694 τόκῳ,
288 3608 373 3672 rmde
394 3607 574 3674 Ahrensius
597 3611 717 3697 partim
739 3609 932 3674 Barneoium
952 3617 1094 3689 secutus,
1123 3608 1188 3694 qui,

88 3703 118 3768 id
138 3709 219 3793 quod
237 3707 400 3793 Bergkius
424 3708 586 3796 probavit,
610 3711 792 3774 coniecerat
812 3703 935 3771 Θύουσι
957 3701 1118 3792 Νύμφαις
1142 3710 1187 3789 τῴ

89 3823 118 3865 τι
138 3807 184 3870 Μ.
208 3827 233 3870 τ.
249 3809 285 3890 ΙΙ,
318 3807 399 3870 bene
429 3809 584 3873 restituit:
617 3803 740 3871 θύουσι
770 3801 909 3894 Νύμφης
940 3808 1109 3894 (seriptum
1141 3816 1190 3870 est

92 3896 272 3990 Nipppo’?)
285 3897 344 3993 ἠδὲ
359 3905 406 3972 Μ.
418 3929 444 3968 τ.
461 3906 472 3991 ΙΙ
489 3899 548 3992 ἠδὲ
563 3907 724 3996 particula
738 3903 835 3970 etiam
846 3905 1064 3993 Hippocrates
1079 3907 1187 3970 utitur.

145 4001 175 4082 d)
194 4003 290 4092 Hipp.
301 4015 341 4069 tr.
354 4011 389 4074 8:
409 4003 525 4069 Πάλαι
543 4003 604 4090 γὰρ
621 3999 742 4082 αύτούς
757 4000 993 4089 οροςδέχονται
1005 3998 1189 4088 χάσκοντες,

417 4103 543 4191 monog
563 4099 705 4188 ἔχοντας,
727 4099 771 4182 ὡς
793 4098 901 4183 ἔχουσι
925 4105 1145 4189 φαρμακοῖς·
