3070 4962
887 456 945 520 158

354 638 509 701 tationem
538 634 630 700 tollat
657 657 789 702 necesse
811 647 870 702 ost.
913 638 1050 723 Legitur
1081 638 1220 702 enimin
1241 634 1361 724 Amph.
1384 639 1465 717 2008,

358 743 389 802 1:
411 729 524 813 ἔδοξεν
545 737 592 818 τῷ
615 729 719 822 δήμῳ,
746 739 780 800 in
802 738 870 822 sig.
893 744 928 805 8:
959 731 1081 802 ἔδωκεν
1103 737 1299 811 Συκεεῦσιν,
1324 736 1465 822 atquein

357 835 438 900 Teio
472 842 553 902 3044
585 838 624 897 A
651 841 705 902 33:
747 829 1024 920 Ἀνθεστηρίοισιν
1054 834 1112 902 καὶ
1139 831 1387 918 Ἡρακλείοισιν
1417 830 1465 896 καὶ

354 929 497 1012 Δίοισιν,
512 930 556 1010 ἐν,
581 940 636 1002 36:
659 930 694 996 ἐν
711 922 785 1021 ιᾗσιν
806 930 824 1023 ἡ
844 928 950 1023 ’ardep
974 934 1167 1022 γέγραπται,
1189 939 1220 998 Β
1242 943 1294 1002 44:
1317 930 1375 996 ἐπὶ
1393 930 1466 1018 Τηΐ-

355 1029 486 1119 οισι[ν],
516 1029 555 1097 τὸ
578 1029 686 1111 ξυνόν,
711 1036 745 1098 in
767 1039 1049 1122 praestantissimo
1072 1036 1162 1118 Hal,
1194 1035 1250 1121 qui
1277 1034 1381 1120 ipsius
1408 1033 1466 1096 He-

355 1133 464 1198 rodoti
490 1141 596 1198 aetate
623 1145 777 1199 exaratus
806 1145 870 1213 est:
891 1135 910 1199 l.
939 1136 990 1202 io:
1011 1129 1203 1222 μνὴμ[οσ]ιν
1223 1129 1280 1196 ἐπὶ
1293 1125 1467 1196 §incluct-

355 1231 431 1308 dem,
459 1239 511 1301 18:
534 1227 568 1294 ἐν
590 1224 675 1296 ὀκτώ
697 1230 768 1321 κα[ἰ
791 1229 839 1319 δέ]
861 1256 904 1296 κα
925 1238 1038 1319 μησίν,
1071 1227 1142 1318 ἀπ’,
1165 1239 1219 1300 nt:
1252 1227 1318 1318 ὅτ]ι
1341 1222 1466 1317 ddv[e]i-

354 1326 485 1414 δέωσιν,
506 1329 640 1418 totic[o]‚
666 1343 831 1420 postremo
854 1335 888 1397 in
902 1335 995 1400 titulo
1013 1335 1114 1399 Thasi
1135 1331 1270 1414 insulae,
1293 1353 1387 1418 quem
1408 1330 1465 1394 Ad.

351 1429 522 1496 Michaelis
545 1430 648 1496 edidit
664 1434 686 1510 1)
709 1440 741 1497 et
766 1433 872 1498 medio
902 1433 1031 1500 saeculo
1054 1436 1165 1522 quinto
1188 1431 1240 1496 vcl
1262 1441 1337 1496 ente
1359 1452 1464 1495 exara·

353 1541 421 1594 tum
448 1553 520 1595 esso
541 1529 633 1596 dicit:
655 1525 862 1618 „lt'tiptppow
877 1524 1074 1596 κᾶπόλλωνι
1097 1526 1284 1618 νυμφηγέτῃ
1307 1527 1396 1615 θῆλυ
1416 1527 1465 1590 καὶ

353 1621 452 1711 ἄρσεν
473 1623 520 1710 ἅμ
541 1623 627 1716 βάλῃ
650 1626 854 1713 προςὲρόειν·
879 1625 932 1694 div
955 1624 992 1696 oti
1016 1627 1120 1713 θέμις
1142 1622 1219 1694 οὐδὲ
1239 1631 1368 1711 χοῖρον*
1391 1635 1463 1706 (tota

355 1738 404 1793 est
424 1716 624 1816 inscriptio),
652 1730 686 1794 in
707 1729 835 1796 Milesio
858 1735 912 1796 39:
940 1723 1106 1816 stridenes
1129 1724 1160 1816 [ὁ
1179 1721 1464 1815 Ἀπ]ολ[ων]ίὸεω;

353 1829 387 1891 in
408 1826 536 1894 Milesio
556 1827 594 1894 b:
615 1827 751 1894 Kirchh.
774 1829 955 1912 ,‚Studien“
975 1854 1007 1919 p.
1024 1838 1079 1899 24:
1099 1821 1305 1918 Ἐ[χέ]δημός
1318 1848 1358 1910 με
1378 1818 1465 1890 ἐποί-

354 1947 413 2004 ειν,
438 1929 494 2016 qui
515 1927 603 1992 circa
625 1927 675 1993 Ol.
697 1935 737 1997 60
758 1931 900 2016 scriptus
922 1941 980 1996 est.

417 2025 510 2106 Quae
538 2027 689 2114 exempla
716 2051 777 2095 nos
804 2027 941 2094 edocent
968 2027 1223 2115 iambographos
1250 2048 1354 2113 purae
1381 2024 1462 2090 iadis

353 2127 493 2211 vestigia
515 2125 614 2190 etiam
634 2130 668 2190 in
689 2127 752 2192 hac
772 2151 809 2193 re
829 2151 895 2194 non
919 2128 1111 2194 deseruisse.
1155 2127 1278 2194 Contra
1299 2125 1370 2191 illos
1392 2123 1462 2189 scri·

353 2235 465 2313 ptores
488 2227 656 2308 existima,
684 2249 758 2292 cum
788 2249 829 2292 ex
858 2251 919 2292 usu
938 2227 1000 2292 sibi
1029 2251 1095 2294 non
1117 2226 1280 2294 constanti
1299 2234 1461 2310 utrumque

353 2325 483 2389 admitti
504 2347 600 2410 posse
630 2325 794 2408 viderent,
824 2345 923 2392 unum
946 2327 1100 2414 elegisse,
1134 2336 1171 2392 ut
1192 2334 1332 2406 certam,
1365 2321 1461 2410 qualis
1518 2401 1519 2410 ἵ

353 2422 445 2487 decet
472 2425 630 2490 orationis
652 2425 813 2513 pedestris
835 2429 1045 2512 scriptorem,
1073 2447 1221 2492 normam
1251 2432 1460 2511 sequeronmr.
1518 2413 1519 2471 l

872 2615 902 2693 ὅ.
923 2619 952 2680 5.

574 2755 632 2822 De
661 2757 981 2826 consonantibus
1011 2759 1237 2845 geminatis.
1516 2779 1517 2837 t

412 2919 452 2984 ln
471 2921 607 2988 vocibus
628 2923 840 3012 quibusdam,
871 2947 955 3011 quae
977 2925 1066 3012 apud
1093 2924 1290 2989 recentiores
1316 2925 1410 2989 Ionas
1431 2928 1459 2985 et
1515 2951 1516 3021 p

349 3016 476 3084 Atticos
499 3020 639 3108 simplici
662 3047 804 3091 consona
825 3027 942 3090 instrui
965 3025 1077 3107 solent,
1099 3024 1246 3110 elegiaci,
1266 3025 1373 3088 rarius
1387 3023 1458 3086 iam·

350 3117 511 3205 bographi
526 3120 561 3204 ²),
586 3125 696 3210 epicos
717 3135 832 3212 poetas
855 3126 974 3190 imitati
994 3124 1169 3211 duplicem,
1188 3142 1273 3210 quae
1294 3123 1328 3186 in
1343 3119 1457 3186 Doride
1514 3157 1515 3203 t

350 3226 381 3282 et
401 3220 547 3284 maxime
564 3225 598 3285 in
617 3222 753 3290 Aeolide
774 3247 816 3290 ex
831 3246 957 3289 summa
976 3226 1169 3311 antiquitate
1191 3232 1322 3290 servata
1342 3231 1397 3303 est,
1414 3220 1453 3282 in·

349 3317 474 3382 ter-dum
495 3332 682 3406 posuerunt,
705 3323 762 3388 ubi
780 3333 886 3388 metro
909 3324 1130 3390 commendari
1151 3323 1334 3394 videbatur.
1513 3327 1514 3387 l

412 3414 447 3502 a)
469 3417 622 3485 Omnium
645 3430 753 3486 eutem
785 3423 975 3509 saepissime
1004 3444 1024 3486 o
1050 3447 1192 3490 consona
1222 3429 1388 3512 geminata
1413 3442 1455 3488 re·

349 3517 484 3602 peritur.
631 3542 633 3551 ·
1116 3577 1119 3584 r
1512 3485 1513 3571 l

345 3675 347 3680 .
410 3615 460 3680 Ac
481 3617 623 3702 primum
658 3618 788 3704 quidem
817 3623 880 3685 huc
912 3630 1061 3707 spectant
1089 3625 1230 3690 aoristus
1256 3623 1455 3692 secundarius

348 3713 426 3793 (vid.
449 3717 478 3796 ξ.
504 3721 574 3800 16),
603 3717 643 3782 dc
675 3720 766 3784 cuius
802 3719 940 3807 duplicis
963 3739 983 3784 σ
1004 3723 1128 3808 origine
1149 3725 1184 3788 in
1205 3727 1319 3812 paucis
1342 3713 1453 3790 tantun

351 3871 519 3880 -—-.....,-...

416 3965 441 4031 1)
458 3963 653 4034 Denkmaeler,
671 3964 783 4021 Forsch.
802 3983 829 4022 u.
848 3965 920 4036 Ber,
938 3968 1066 4041 hcrausg.
1084 3987 1109 4024 v.
1127 3970 1160 4026 E.
1179 3969 1314 4027 Gerhard.
1349 3973 1385 4024 73.
1397 3963 1451 4022 lde

347 4043 449 4116 ierung
465 4050 554 4116 (1867)
572 4048 649 4104 XIV.
668 4049 824 4122 Jahrgang,
845 4049 896 4106 No.
914 4055 972 4120 217,
989 4069 1054 4124 pag.
1076 4059 1086 4108 t
1107 4073 1147 4125 sq.

415 4131 441 4196 2)
460 4129 530 4186 Vide
549 4148 620 4201 quac
637 4133 666 4185 in
683 4133 856 4204 praefatione
876 4135 999 4191 diximus.
