3070 4962
760 383 930 474 2⁰5¹*
947 467 964 472 -

307 549 506 647 ἀναφανδὸν
518 572 550 624 et
563 557 753 646 κρυφανδὸν
770 564 973 627 accusativos
985 562 1157 627 masculini
1168 563 1286 649 (potius
1305 562 1425 639 neutri)

307 661 435 746 generis
456 657 571 726 inesse.
616 659 709 741 Quae
723 663 882 726 sententia
895 663 1044 749 quamvis
1057 684 1077 726 a
1092 660 1259 728 Lobeckio
1269 661 1312 738 29)
1336 683 1426 726 acer·

307 761 387 824 rime
407 761 626 846 impugnetur,
645 769 752 825 tamen
775 762 804 826 ei
835 771 866 826 et
888 770 961 826 sunt
989 770 1021 825 et
1047 770 1141 826 erunt
1170 759 1427 847 adstipulatores

309 859 562 946 promptissimi,
583 861 735 946 quoniam
756 862 864 927 verior
887 884 925 925 ac
944 860 1068 925 firmior
1087 869 1136 925 est
1156 883 1252 949 quam
1275 860 1329 924 cui
1351 882 1428 947 pos-

309 959 373 1023 sint
400 980 498 1023 voees
531 957 775 1024 adversantium
798 959 874 1026 lieet
906 959 1105 1025 clarissimae
1131 982 1257 1025 nocere.
1302 959 1430 1024 Errore

310 1059 394 1122 enim
416 1059 597 1124 inveterato
620 1067 652 1122 et
672 1061 845 1126 temerario
875 1059 1035 1124 ducuntur
1058 1059 1113 1147 qui
1133 1059 1293 1144 flagitant,
1315 1068 1353 1123 ut
1376 1081 1429 1123 ou-

308 1158 411 1243 jusvis
434 1159 504 1222 sive
524 1159 663 1223 nominis
694 1159 763 1226 sive
791 1158 886 1226 verbi
914 1167 1025 1246 partes
1056 1169 1087 1223 et
1113 1158 1237 1224 formae
1265 1158 1429 1223 adunam

309 1279 419 1322 omnes
441 1258 475 1322 in
497 1280 559 1322 usu
586 1259 651 1323 sint
678 1281 718 1323 ac
743 1259 848 1324 tritae.
893 1257 967 1338 Qua
994 1260 1119 1324 ratione
1147 1282 1209 1347 quo
1235 1267 1432 1345 perventum

310 1357 360 1437 sit,
384 1355 577 1422 documento
601 1367 659 1440 est,
681 1366 717 1422 ut
737 1380 779 1422 ex
793 1359 954 1423 sexcentis
970 1357 1155 1446 exemplum
1174 1381 1273 1422 unum
1290 1379 1431 1422 comme-

281 1471 445 1555 Jtmorem,
468 1456 604 1520 verbum
625 1455 752 1538 τύπτω,
782 1480 804 1520 a
827 1479 889 1543 quo
917 1458 1038 1523 formas
1073 1457 1166 1523 fictas
1188 1479 1259 1522 esse
1290 1465 1431 1538 constat,

269 1555 391 1641 ⁴ltquas
412 1557 467 1641 qui
485 1556 569 1619 ferat
591 1555 672 1622 duro
695 1555 862 1622 stomacho
885 1557 927 1620 sit
948 1565 1090 1642 oportet,
1118 1564 1154 1621 ut
1176 1556 1227 1620 vel
1251 1579 1333 1636 saxa
1354 1577 1431 1620 con·

310 1675 459 1741 coquere
477 1657 589 1741 possit.
633 1656 736 1721 Nobis
765 1657 865 1741 igitur
895 1655 1053 1720 adverbia
1082 1656 1123 1721 de
1152 1654 1269 1743 quibus
1301 1656 1432 1740 agimus

311 1754 491 1818 accusativi
513 1764 588 1820 sunt
610 1755 856 1844 adjectivorum,
879 1777 1014 1842 quorum
1026 1753 1142 1842 reliqui
1163 1777 1258 1820 casus
1272 1755 1431 1842 antiquis·

312 1853 401 1918 simis
406 1853 477 1940 jam
490 1853 691 1942 temporibus
702 1856 853 1920 interisse
863 1853 999 1942 putandi
1010 1863 1093 1938 sunt,
1107 1855 1153 1920 ita
1165 1863 1209 1936 ut,
1222 1851 1432 1942 quaein-dape

312 1951 442 2036 cadunt,
466 1952 508 2018 ad
528 1954 737 2038 femininum,
749 1977 832 2043 quae
852 1955 886 2018 in
900 1949 989 2030 -δον,
1012 1953 1056 2020 ad
1075 1963 1225 2020 neutrum
1253 1951 1431 2040 singularis

311 2055 437 2118 numeri
462 2063 618 2140 spectent,
641 2077 726 2140 quae
748 2053 886 2140 denique
907 2053 942 2118 in
955 2051 1028 2136 -do,
1051 2053 1093 2118 ad
1115 2062 1264 2120 neutrum
1282 2051 1430 2139 pluralis.

312 2151 385 2218 Hoc
397 2153 444 2218 ita
465 2176 537 2218 esse
548 2176 666 2242 reapse
676 2155 761 2220 inter
777 2175 897 2228 omnes,
914 2152 1000 2240 quod
1017 2153 1128 2234 sciam,
1143 2153 1199 2242 qui
1211 2151 1364 2218 Grimmii
1377 2155 1430 2216 v'e-
1528 2219 1529 2230 ,

312 2254 417 2339 stigiis
435 2255 575 2340 ingressi
588 2253 664 2318 huic
673 2255 722 2320 rei
733 2275 866 2339 operam
880 2250 1048 2334 dederunt,
1061 2251 1157 2319 hodie
1172 2261 1305 2330 constat,
1320 2275 1432 2342 quam-

312 2351 463 2440 quamde
484 2353 593 2418 suffixi
604 2351 664 2414 -do
683 2353 809 2438 origiue
830 2361 862 2416 et
878 2350 1114 2436 significatione
1127 2352 1350 2418 controversia
1372 2364 1429 2416 est.
1528 2407 1529 2432 ,

394 2452 447 2516 De
468 2451 519 2516 his
542 2451 708 2518 adverbiis
731 2452 873 2516 aLeone
884 2449 1018 2538 Meyero
1033 2450 1234 2538 disputatum
1249 2473 1321 2518 esse
1333 2450 1431 2540 plane

312 2573 365 2616 me
384 2551 537 2636 fugisset,
565 2552 629 2615 nisi
658 2574 700 2616 ex
719 2552 820 2616 Pottii
842 2549 997 2616 Corsseni
1020 2550 1124 2617 Curtii
1144 2549 1236 2616 libris
1257 2551 1432 2637 comperis-

314 2671 382 2714 sem
404 2651 474 2738 ejus
497 2649 537 2714 do
558 2649 675 2715 suffixo
697 2649 753 2715 illo
766 2659 944 2738 praecepta
961 2649 1048 2716 nullo
1062 2649 1160 2716 modo
1174 2649 1309 2737 probari
1323 2672 1430 2736 posse.

162 2806 166 2816 .
211 2807 212 2810 ,
314 2747 520 2835 Quamquam
540 2748 638 2814 valde
659 2748 767 2826 doleo,
795 2747 882 2838 quod
908 2747 988 2814 mihi
1014 2749 1137 2814 homini
1164 2751 1198 2814 in
1225 2747 1355 2814 scholae
1377 2772 1431 2814 an-

313 2847 389 2936 gulo
418 2847 618 2914 delitescenti
647 2859 682 2916 ut
708 2847 883 2917 multorum
910 2847 1046 2916 aliorum
1073 2849 1121 2914 sic
1145 2847 1272 2934 Meyeri
1305 2845 1430 2912 Kubnii
1527 2863 1528 2925 ᾗ

313 2948 448 3014 Hoeferi
470 2947 628 3014 librorum
650 2947 893 3037 syllogarumve
916 2952 1010 3036 copia
1030 2957 1150 3035 negata
1171 2957 1233 3014 ost:
1259 2947 1347 3032 quod
1367 2969 1430 3014 om-

314 3049 402 3131 nino,
427 3071 557 3136 quaeso,
580 3049 675 3137 hujus
696 3047 949 3135 scriptiunculae
970 3047 1085 3113 arbitri
1105 3069 1170 3133 qua
1190 3056 1265 3111 sunt
1286 3045 1431 3112 humani-

314 3159 380 3213 tate
403 3150 617 3231 meminerint,
639 3151 667 3213 si
688 3148 790 3214 multa
808 3149 844 3212 in
872 3171 911 3213 ea
939 3169 1043 3234 prave
1069 3156 1125 3212 aut
1149 3148 1256 3212 minus
1278 3155 1430 3211 accurate

315 3245 482 3336 disputata
504 3258 534 3312 et
557 3247 722 3336 explicata
744 3269 815 3312 esse
835 3243 1008 3312 videantur
1018 3247 1069 3324 ³⁰).

397 3345 605 3434 Meyerianae
640 3349 828 3414 sententiae
846 3343 1098 3433 reprehensores
1130 3333 1208 3434 quid
1243 3343 1284 3410 de
1312 3344 1429 3409 suffixo

312 3447 367 3513 illo
390 3448 580 3530 statuerint,
609 3471 674 3514 non
700 3446 852 3514 indicabo
879 3447 943 3512 nisi
969 3445 1169 3514 brevissime.
1210 3445 1260 3510 Ac
1287 3445 1429 3532 primum

314 3546 445 3635 quidem
466 3547 592 3612 Pottius
614 3546 696 3613 duas
718 3549 790 3613 vias
813 3555 925 3634 patere
948 3545 1042 3630 dicit,
1070 3543 1186 3634 quibus
1209 3542 1304 3632 quale
1323 3545 1366 3610 sit
1385 3546 1430 3610 in·

363 3751 406 3818 23)
425 3747 639 3820 Paralipomena
657 3751 680 3803 t.
698 3765 727 3819 p.
748 3749 795 3802 153
813 3763 873 3818 sqq.

364 3835 406 3899 30)
427 3833 536 3904 Scripta
552 3834 622 3887 haec
635 3837 723 3902 erant,
741 3847 804 3887 cum
816 3829 851 3886 G.
864 3829 974 3886 Curtius
991 3843 1043 3884 sua
1060 3832 1159 3900 sponte
1173 3857 1205 3867 -
1217 3832 1298 3882 tanta
1319 3831 1363 3882 est
1379 3827 1430 3880 viri

313 3917 418 3990 egregii
435 3916 592 3972 humanitas
610 3922 638 3971 et
655 3915 770 3970 comitas
782 3932 878 3970 -non
886 3915 975 3970 solum
983 3912 1069 3968 hbros
1083 3913 1150 3968 istos
1159 3925 1254 3966 varum
1267 3911 1350 3966 etiam
1361 3909 1429 3966 alios

314 4001 380 4056 mihi
393 4001 474 4056 misit.
510 4001 582 4072 Legi
590 3999 676 4071 igitur
684 4016 756 4071 quae
769 3999 828 4055 Leo
840 3999 970 4071 Meyer-us
982 3999 1012 4054 in
1025 3998 1097 4053 libro
1112 4013 1162 4053 suo
1170 3995 1326 4068 Vergleioh.
1341 4011 1429 4066 gram-

314 4084 403 4140 matik
420 4084 456 4140 11.
475 4103 503 4156 p.
523 4087 571 4140 353
581 4102 641 4156 sqq.
656 4089 686 4140 et
701 4101 729 4156 p.
743 4088 792 4140 533
805 4101 865 4155 sqq.
883 4089 912 4138 et
927 4083 958 4138 in
974 4081 1070 4137 Kuhn.
1081 4080 1144 4137 af.
1163 4078 1364 4152 apraobfomch.
1378 4078 1426 4135 Vl.
