3056 4968
518 432 726 522 ..um

567 611 597 690 ᾗ.
621 613 668 674 21.

131 706 310 772 Slitteram
337 707 540 794 insequentes
570 718 601 772 et
629 706 771 795 liquidae
799 717 830 771 ct
856 706 982 772 mediae
1013 729 1172 772 consonae

77 806 149 871 adeo
169 815 335 894 respuunt,
358 815 394 868 ut
414 805 476 870 hae
488 804 668 870 litterarum
691 807 929 872 coniunctiones
952 810 996 883 sd,
1012 812 1047 885 sl,
1060 829 1112 887 sm,
1128 829 1173 882 en,

75 928 112 982 rr,
132 929 164 967 ec
184 907 217 969 in
235 905 347 989 lingua
368 903 486 968 Latina
505 927 591 970 nunc
613 904 741 990 quidem
764 916 912 970 servatae
931 926 996 969 non
1017 906 1091 988 sint,
1110 905 1174 970 nisi

76 1007 105 1067 in
125 1004 327 1091 paucissimis
346 1002 466 1086 verbis,
488 1003 529 1067 de
551 1004 667 1090 quibus
690 1003 776 1067 infra
798 1002 995 1088 disputaturi
1017 1025 1137 1067 sumus.

131 1103 182 1166 Ex
203 1103 384 1186 antiquiore
406 1111 513 1166 autem
536 1124 617 1167 aevo
638 1102 734 1189 plura
757 1101 907 1187 exempla
927 1101 1114 1184 traduntur,
1140 1106 1174 1166 in

75 1201 183 1288 quibus
199 1226 250 1284 sen,
272 1224 309 1263 so
324 1209 383 1265 cet
401 1203 609 1288 pronuntiata
632 1201 705 1284 sint,
728 1224 865 1289 quorum
887 1199 1042 1266 nonnulla
1058 1197 1174 1264 afferre

74 1299 169 1365 lubet:
762 1341 763 1344 =

129 1399 245 1464 Festus
267 1421 292 1464 s.
314 1421 344 1463 v.
368 1398 481 1466 dusmo
503 1407 546 1485 (p.
568 1406 618 1467 67.
639 1399 759 1476 Muell.)
782 1397 940 1485 prodidit,
968 1397 1010 1462 ab
1033 1399 1174 1484 antiquis

74 1503 229 1562 comittere
252 1519 312 1584 pro
335 1505 507 1560 conmittere
528 1498 648 1562 dictum
669 1499 778 1564 fuisse.
822 1497 928 1578 Quam
946 1497 1084 1561 formam
1101 1495 1174 1561 Pot-

73 1599 129 1660 tius
151 1603 299 1683 (quasstt.
323 1608 419 1682 etym.
440 1597 565 1675 1¹253)
586 1599 633 1661 its
646 1597 811 1683 explicare
832 1595 964 1678 studuit,
985 1606 1020 1662 ut
1033 1596 1175 1660 litteram

73 1696 262 1762 atribueret
289 1697 384 1782 stirpi
414 1699 528 1773 (*smit)
556 1707 743 1782 comparato
772 1693 867 1761 Goth.
895 1699 1035 1773 miron,
1064 1695 1174 1760 Germ.

71 1799 190 1872 maon,
221 1794 279 1859 sed
301 1793 481 1861 Oorssenus
503 1794 617 1880 (symb.
643 1796 713 1858 crit.
735 1817 765 1880 p.
789 1800 861 1870 431)
882 1793 966 1858 hanc
988 1795 1174 1881 opinionem

72 1887 154 1958 recte
176 1916 334 1980 spernens
364 1904 397 1958 ct
417 1901 550 1980 propter
572 1895 712 1957 notionis
740 1893 993 1979 discrepantiam
1015 1905 1047 1958 et
1069 1893 1174 1958 diver·

73 1993 194 2058 sitatsm
234 1993 414 2058 litterarum
452 1998 694 2077 (exspectamus
734 1991 856 2056 scilicet
892 1994 1067 2070 *amcitiam
1109 2015 1174 2056 non

72 2097 204 2171 rmer'toa)
231 2114 296 2157 non
318 2093 387 2156 sine
409 2113 529 2176 magna
548 2089 778 2176 probabilitate
799 2089 971 2171 iudicavit,
999 2115 1013 2150 s
1034 2090 1175 2155 litteram
1290 2107 1296 2120 “

72 2189 141 2254 olim
162 2189 358 2255 'adiunctam
388 2189 489 2254 fuisse
526 2189 761 2274 praepositioni
790 2211 857 2267 coo,
889 2188 977 2252 velut
1010 2191 1175 2276 praeposi·

71 2289 208 2354 tionibus
232 2295 278 2373 ab,
295 2294 357 2372 aab,
380 2312 421 2372 ec,
436 2293 478 2368 ob,
499 2279 540 2354 al.
562 2291 748 2367 (abs-tinere,
761 2291 991 2366 ‘ruta-uotam,
1005 2294 1176 2369 ecs-pedire,

72 2393 297 2468 dtu-tendere).

129 2487 259 2552 Deinde
281 2485 599 2552 commemorandum
620 2496 668 2552 est
688 2491 831 2564 vicesma,
850 2485 937 2570 quod
958 2487 1121 2572 reperitur
1143 2488 1176 2550 in

72 2586 178 2651 tabula
198 2596 301 2652 aenea
319 2586 409 2664 (0.1.
427 2585 500 2650 Lat.
519 2585 535 2649 I
554 2609 585 2651 n.
606 2591 671 2663 187)
690 2608 753 2672 qua
770 2587 804 2649 in
821 2587 927 2650 forma
948 2583 1059 2670 lingua
1084 2587 1176 2670 quasi

73 2685 166 2751 multo
187 2685 317 2771 longius
344 2707 518 2770 progressa
544 2706 614 2750 esse
640 2684 769 2749 videtur
787 2684 840 2750 vel
862 2686 969 2771 potius
995 2707 1061 2750 non
1081 2684 1177 2771 plena

73 2794 101 2846 et
128 2784 218 2848 clara
248 2805 328 2850 voce
363 2785 587 2870 pronuntiatus
616 2783 674 2848 sed
702 2794 769 2848 tam
802 2786 908 2848 tenuis
939 2792 971 2846 et
1000 2805 1177 2871 oppressus

72 2893 137 2946 erat
159 2904 257 2948 sonus
279 2885 363 2946 inter
383 2906 398 2944 r
420 2891 451 2948 et
472 2905 500 2944 m
526 2884 667 2946 insertae
694 2881 818 2948 vocalis
841 2907 861 2945 u
882 2886 932 2962 (d,
957 2890 993 2946 ut
1012 2881 1111 2972 plane
1132 2882 1178 2946 in-

70 2981 188 3046 teriret.
647 3033 651 3044 .
1167 3035 1170 3044 .

128 3080 279 3166 Denique
293 3083 395 3140 Lorne
416 3079 450 3142 in
472 3077 602 3162 speculo
618 3077 787 3144 Praenesti
808 3088 936 3166 reperto
957 3087 988 3144 et
1005 3077 1177 3144 adservato

72 3198 141 3242 cum
170 3180 252 3243 cista
272 3177 447 3242 Ficoronia
474 3175 662 3262 legiturffl.
684 3177 708 3242 I.
737 3178 811 3246 Lat.
833 3177 850 3242 I
869 3201 901 3244 n.
922 3184 974 3250 55)
998 3176 1084 3242 infra
1110 3201 1177 3241 mu·

71 3273 180 3340 lierem
202 3284 341 3341 stantem
362 3277 455 3340 iuxta
473 3297 571 3362 quam
593 3275 670 3340 luna
692 3275 862 3341 dimidiata
880 3277 968 3363 picta
990 3286 1048 3341 est.
1081 3276 1177 3342 (lors-

73 3397 165 3439 senus
193 3374 247 3450 (de
269 3375 436 3460 prenunt²
467 3397 497 3460 p.
520 3379 589 3441 280.
610 3383 674 3440 not.
702 3380 926 3462 pacaret.)
958 3397 1062 3462 neque
1089 3374 1178 3439 illam

71 3473 206 3538 sormam
239 3494 343 3558 neque
371 3472 452 3538 alias
485 3473 520 3536 iu
554 3471 666 3538 codem
701 3473 831 3563 speculo
867 3477 1005 3561 scriptas
1036 3479 1179 3554 (Potocer,

72 3575 205 3649 Amarea)
220 3571 359 3640 Latinae
376 3571 507 3656 linguae
522 3574 673 3659 proprias
694 3596 765 3638 esse
780 3584 881 3660 putat.
912 3575 1030 3640 Nescio
1050 3572 1179 3660 quidem

70 3669 112 3754 de
140 3672 271 3736 nominc
301 3675 404 3732 Loaoa
430 3669 508 3756 quid
536 3679 691 3755 statuam,
727 3683 761 3738 at
791 3673 951 3740 Oorsseno
980 3667 1050 3739 non¹
1071 3697 1179 3740 assen-

73 3771 207 3852 tiemur,
237 3771 357 3856 quippe
390 3783 463 3832 cum
493 3769 580 3855 apud
606 3770 757 3836 Plautum
787 3771 916 3851 (Bacch.
944 3778 1015 3852 set)
1043 3778 1180 3838 Polluces

73 3869 177 3932 forma
200 3871 348 3955 quamvis
379 3879 513 3954 propter
533 3869 680 3937 vocalem
706 3893 726 3931 u
747 3870 855 3957 paullo
881 3873 1040 3938 recentior
1061 3895 1180 3960 nequa-

74 3989 169 4053 quam
199 3975 308 4033 tamen
343 3987 477 4053 prorsus
507 3965 637 4033 diversa
671 3971 852 4055 reperiatur
885 3979 917 4034 et
943 3970 1049 4035 Varro
1080 3971 1132 4048 (de
1159 3972 1179 4039 l.

74 4062 142 4128 Lat.
167 4063 199 4128 V
225 4067 254 4146 ξ.
281 4071 332 4144 73)
357 4065 438 4130 baec
463 4066 586 4132 tradat:
618 4071 677 4152 „in
698 4069 824 4134 Latinis
849 4068 965 4134 litteris
992 4070 1181 4138 inscribitur
1219 4145 1229 4172 ο

124 4171 266 4227 euersae,
281 4173 382 4218 sennan.
398 4171 418 4215 s.
944 4171 972 4222 11
