3034 4964
879 442 916 504 16

336 616 529 704 adoptasse,
557 640 641 705 quae
661 619 841 704 syniaesin,
864 589 1057 706 ubicumque
1078 618 1150 684 fieri
1171 627 1296 706 potest,
1327 629 1439 686 contra-

338 719 438 782 ctioni
459 718 633 804 praeferat,
651 740 764 782 verum
787 720 884 784 etiam
906 717 993 806 quod
1014 717 1180 783 breviores
1195 718 1319 786 formae
1337 720 1369 784 iu
1381 720 1439 784 Do·

336 817 408 882 ride
429 839 494 882 non
515 818 731 904 reperiuntur.

400 901 494 1000 ᾧτινι
514 915 660 1002 Theogn.
683 923 740 984 631
766 927 797 982 et
812 922 873 984 807
897 917 1048 982 excusari
1069 915 1200 1004 quidem
1220 925 1328 1004 potest
1348 916 1440 1000 forma

338 1006 458 1090 οὔτικι,
483 1037 547 1100 qua
567 1015 731 1082 Homerus
754 1039 832 1082 usus
854 1025 920 1100 est,
950 1014 1007 1080 sed
1026 1024 1135 1080 tamen
1165 1015 1268 1081 altero
1290 1015 1358 1081 loco
1380 1038 1438 1080 sen·

335 1115 456 1178 tentiae
486 1113 698 1197 adversatur,
729 1124 761 1180 et
791 1117 901 1203 priore
930 1115 997 1193 (ubi
1026 1117 1060 1179 in
1087 1115 1118 1178 A
1148 1113 1332 1193 exhibetur)
1358 1118 1440 1180 varia

336 1212 483 1278 codicum
514 1213 677 1300 scriptura
705 1214 853 1282 indicare
882 1213 1012 1280 videtur
1043 1213 1131 1280 aliud
1161 1213 1241 1300 quid
1263 1213 1307 1280 ab
1327 1215 1439 1300 origine

337 1314 494 1400 scriptum
514 1312 623 1378 fuisse.

397 1411 450 1478 De
471 1412 718 1498 pronominibus
738 1420 770 1476 et
789 1411 955 1477 adverbiis
981 1413 1224 1498 interrogativis
1247 1421 1280 1476 et
1309 1411 1439 1476 relativis

334 1511 446 1576 Ionieo
468 1533 558 1576 more
581 1533 724 1577 consona
745 1533 765 1576 κ
787 1513 955 1576 instructis
976 1512 1042 1574 iam
1062 1515 1090 1593 ξ.
1112 1517 1130 1579 3
1153 1513 1289 1596 egimus.
1310 1548 1351 1558 -

398 1609 480 1675 Cum
497 1610 725 1676 formationem
746 1609 921 1676 verborum
949 1619 1088 1697 excepta
1109 1609 1345 1677 adiectivorum
1365 1633 1438 1696 com-

335 1710 506 1796 paratione
538 1731 604 1774 non
630 1711 664 1773 in
687 1712 795 1775 animo
824 1712 866 1775 sit
895 1719 1052 1792 tractare,
1083 1709 1150 1774 iam
1176 1709 1239 1774 hoe
1271 1709 1342 1776 loco
1366 1710 1439 1774 hano

257 1817 258 1821 ’
336 1811 558 1896 quaestionem
580 1811 694 1896 paucis
715 1809 894 1876 absolvam.

841 2011 870 2090 5.
895 2015 942 2074 15.

521 2158 581 2222 De
612 2158 914 2223 adiectivorum
945 2158 1261 2244 comparatione.

400 2323 500 2388 Haud
526 2346 601 2390 raro
629 2333 761 2410 poetae,
794 2325 937 2388 maxime
962 2323 1113 2408 elegiaci,
1139 2323 1299 2410 peculiari
1326 2327 1435 2390 ratione

334 2426 368 2488 in
395 2423 566 2488 adiectivis
594 2423 822 2510 comparandis
850 2425 902 2486 usi
929 2432 1012 2488 sunt
1041 2459 1083 2470 -
1109 2423 1185 2489 Huc
1213 2432 1361 2509 spectant
1381 2425 1435 2510 pri·

334 2547 422 2586 mum
439 2521 569 2607 singula
584 2521 753 2608 quaedam,
775 2525 809 2587 in
824 2521 940 2610 quibus
955 2524 1201 2588 terminationes
1217 2543 1329 2605 τερος,
1352 2543 1437 2595 voror

335 2632 367 2686 et
382 2643 452 2697 των,
480 2641 572 2696 ιστος
587 2632 819 2706 permutantur.

397 2713 565 2804 ἀγαθός.
606 2721 672 2786 Pro
701 2723 869 2787 usitatiore
893 2723 1109 2806 comparativi
1135 2721 1256 2798 forma,
1287 2743 1369 2808 quae
1389 2741 1435 2805 ap-

334 2829 431 2907 paret
450 2819 562 2884 Mimn.
586 2825 615 2900 2,
640 2827 692 2887 10:
713 2816 862 2902 βέλτιον,
888 2820 1054 2906 Theognis
1076 2820 1206 2907 ubique,
1228 2843 1294 2884 vsa.
1318 2827 1365 2888 92.
1390 2824 1432 2885 181

335 2919 381 3001 (K
402 2914 557 3002 βέλτιον).
574 2925 645 3002 866,
662 2943 704 2984 ex
724 2922 818 3006 epica
832 2919 971 2985 dialecto
987 2922 1112 3006 recepit
1125 2919 1264 2983 formam
1284 2916 1435 3002 βέλτερκς.

394 3012 557 3104 ῥᾴδιος,
582 3020 692 3084 Ioniee
721 3017 898 3103 ῥηΐδιος,
923 3029 1054 3105 praeter
1076 3019 1334 3104 comparativum
1357 3013 1436 3103 ῥήϊοι

333 3118 480 3204 Theogn.
508 3123 581 3196 (577
609 3113 728 3204 ῥήϊ-οκ
748 3121 844 3197 coni.)
866 3125 927 3186 429
954 3120 1037 3203 ῥᾷον
1065 3121 1162 3182 etiam
1178 3109 1331 3202 'alterum
1352 3117 1435 3182 habet

335 3217 453 3282 suffixo
482 3239 557 3300 τερο
593 3219 781 3283 formatum:
811 3211 945 3306 dp‘pepor
976 3225 1055 3285 1370
1081 3224 1176 3304 (mp)‚
1208 3225 1250 3284 et,
1267 3217 1357 3304 apud
1381 3215 1434 3279 He

333 3341 458 3382 merum
479 3314 628 3402 ῥηΐτερος
647 3328 773 3406 tantum
794 3320 828 3382 in
852 3339 915 3382 usu
937 3325 994 3382 est.

395 3413 560 3499 κυδρὸς,
595 3419 725 3502 poetica
752 3441 835 3498 vox,
865 3416 1037 3502 vulgarem
1067 3415 1283 3502 comparativi
1311 3416 1432 3480 forman

332 3524 457 3579 tanturn
479 3515 615 3601 praebet
639 3516 728 3602 apud
744 3517 983 3604 Xenophanem
997 3521 1025 3598 2,
1042 3521 1061 3582 6
1082 3508 1279 3597 κυδρότερος
1300 3513 1447 3600 (Stepha-¹

253 3620 256 3626 '
332 3637 392 3678 nus
414 3613 626 3700 etssssealigen
646 3609 838 3700 κεδρότερος
858 3616 1020 3688 Athenaei
1039 3613 1124 3694 ΡΨ),
1147 3622 1261 3698 postea
1289 3613 1374 3700 apud
1392 3612 1431 3674 lo·

332 3735 406 3776 nem
435 3713 477 3778 el.
511 3719 546 3795 2,
576 3723 621 3780 to.
665 3715 830 3800 Theognis
863 3738 941 3780 vero
974 3713 1119 3777 Homero
1150 3721 1283 3777 auctore
1313 3719 1370 3780 904
1397 3729 1431 3772 ex

334 3814 435 3899 stirpe
455 3809 516 3874 aod
539 3813 775 3898 superlativum
795 3814 913 3880 format
933 3807 1094 3886 κύδιστος.

381 3903 500 3986 ·ὠκὺς
522 3912 676 3978 adieetivi
694 3914 911 3999 superlativus
927 3905 1067 3986 ὤκιστος
1081 3910 1226 3996 Theogn.
1239 3916 1298 3978 427
1308 3901 1430 3988 (ὤκιστα

281 4035 297 4044 ··
333 4011 479 4089 adverb.)
505 4013 583 4076 3non
616 4013 782 4098 discrepat
813 4013 854 4076 ab
887 4013 1035 4077 Homeri·
1054 4033 1125 4074 usu.
1153 4009 1270 4075 Cum
1301 4008 1428 4095 legitima

130 4150 132 4157 .
205 4194 247 4204 ..
334 4120 440 4202 autem
464 4113 680 4204 comparativi
701 4113 805 4176 forma
827 4104 989 4194 ὠκύτερος
1009 4109 1154 4208 Theogn.
1183 4113 1255 4183 715,
1275 4115 1344 4178 986.
1365 4107 1428 4172 1306
